1796 3153
400 187 468 216 VH.
495 203 532 208 -
557 184 728 216 GRANDE
753 184 924 214 CHARTF,
951 184 1002 213 Dr:
1028 183 1157 214 umal
1185 183 1226 212 ΙΙΙ
1515 184 1552 209 55

76 266 192 306 diam
218 264 333 305 illius
355 262 597 303 scodilirme
615 259 681 301 vel
701 258 891 316 soccagii
914 259 978 300 vel
1001 258 1218 317 burg-agii,
1246 258 1330 300 nisi
1352 260 1444 316 ipsa
1468 259 1551 299 seo-

77 333 245 374 difirma
277 331 433 372 debeat
459 327 688 370 servicium
717 327 918 368 militare.
945 328 1032 369 Nos
1061 343 1145 367 non
1170 327 1429 367 habebimus
1453 342 1551 367 cus-

74 400 236 441 todiam
267 398 443 440 heredis
467 397 569 438 nec¹
596 404 712 438 terre
734 395 947 451 alicujus?
974 410 1102 451 quam
1125 403 1243 435 tenet
1265 394 1317 436 de
1343 394 1454 435 alio³²
1475 410 1552 451 per

75 467 303 509 servicium
325 466 528 516 militare,
550 464 779 505 occasione
800 463 982 519 alicujus
1002 479 1131 520 parve
1153 463 1408 519 serjanterie
1424 478 1551 520 quam

73 544 194 577 tenet
221 535 275 576 de
307 535 433 576 nobis
465 549 543 590 per
576 530 805 573 servicium
836 530 1049 572 reddendi
1078 531 1205 572 nobis
1234 530 1457 581 cultellos,
1485 530 1551 571 vel

73 603 275 662 sagittas,
306 603 372 644 vel
396 600 663 659 hujusmodi.

130 706 185 748 28
212 705 311 763 (38).
348 705 502 747 Nullus
525 703 708 745 ballivus
732 712 864 760 ponat
892 702 1096 744 decctero
1124 703 1309 760 aliquem
1334 701 1387 743 ad
1410 702 1549 760 legem

70 776 348 832 manifestam
372 772 462 815 vell*
485 773 545 813 ad
562 771 896 830 juramentum-5
919 770 1109 829 simplici
1140 770 1312 828 loquela
1339 786 1430 822 sua,
1456 769 1549 811 sine

68 843 258 885 testibus
286 841 490 883 fidelibus
516 840 568 882 ad
595 840 678 881 hoc
703 839 912 881 inductis.

128 945 183 988 29
217 945 315 1002 (39).
355 945 510 987 Nullus
545 944 656 985 liber
686 944 816 984 honio
847 943 1052 985 decetero
1088 944 1285 1000 capiatur
1313 942 1378 983 vel
1410 941 1548 1000 inpri-

69 1022 249 1056 sonetur
278 1021 351 1055 aut
386 1013 661 1055 disseisiatur
687 1013 738 1053 de
769 1012 915 1069 aliquo
946 1012 1079 1052 libero
1113 1020 1348 1052 tenemento
1380 1027 1457 1051 sno
1488 1010 1553 1051 vel

68 1082 339 1123 libertatibus
365 1081 430 1123 vel
455 1081 602 1122 liberis
632 1080 1012 1121 consaetnclz'm'bus
1039 1083 1128 1120 sais
1140 1080 1170 1129 6,
1199 1087 1272 1120 aut
1309 1079 1545 1136 utlagetur,

67 1159 139 1191 aut
168 1149 329 1200 exulet,
356 1157 426 1190 aut
450 1148 596 1206 aliquo
619 1148 730 1189 alio7
749 1147 879 1188 modo
906 1148 1171 1198 destruatur,
1197 1163 1275 1188 nec
1298 1163 1429 1204 super
1451 1162 1546 1187 eum

67 1218 250 1269 ibimus,
282 1233 360 1258 nec
389 1233 520 1274 super
548 1233 644 1257 eum
674 1216 918 1266 mittemus,
951 1215 1033 1256 nisi
1061 1232 1139 1273 per
1168 1215 1307 1273 legale
1331 1214 1545 1271 judicium

65 1286 235 1344 parium
265 1301 458 1336 suorum,
484 1285 546 1326 vel
573 1301 651 1342 per
673 1285 813 1342 legem
833 1292 964 1325 terre.

125 1389 225 1445 (40).
263 1388 381 1431 Nulli
418 1388 679 1439 vendemus,
718 1387 825 1428 nulli
866 1386 1124 1445 negabimus
1167 1396 1239 1428 aut
1291 1386 1545 1429 differemus

66 1466 232 1499 rectum
260 1457 327 1499 vel
350 1456 589 1514 justiciam.

121 1560 176 1602 30
203 1560 304 1617 (41).
342 1562 504 1601 Omnes
541 1568 824 1611 mercatores,
862 1561 949 1600 nisi
970 1559 1144 1617 publice
1175 1568 1307 1600 antea
1338 1558 1546 1617 prohibiti

57 1629 245 1686 filet-int,
282 1628 472 1669 habeant
508 1627 672 1669 salvum
705 1636 748 1668 et
780 1628 999 1668 securum8
1041 1627 1157 1668 exire
1198 1627 1252 1668 de
1286 1626 1468 1684 Anglia,
1503 1634 1544 1667 et

61 1695 208 1738 venire
240 1697 283 1737 in
314 1695 534 1755 Angliani,
567 1704 609 1737 et
643 1696 815 1747 morari,
847 1704 888 1736 et
916 1696 977 1736 ire
1008 1711 1087 1753 per
1113 1695 1315 1753 Angliam
1346 1703 1433 1735 tam
1465 1711 1544 1752 per

61 1771 221 1805 terram
245 1780 373 1821 quam
396 1780 474 1821 per
499 1764 681 1821 aquam9
700 1764 752 1804 ad
771 1763 1002 1805 emendum
1024 1763 1133 1805 vel¹0
1149 1763 1428 1805 vendendum
1448 1763 1542 1805 sine

61 1832 264 1873 omnibus
291 1832 411 1873 toltis
441 1831 564 1873 malis
596 1848 675 1889 per
705 1833 903 1889 antiquas
935 1839 977 1873 et
1004 1841 1144 1873 rectas
1174 1832 1537 1882 eonsuetudines,

60 1908 337 1957 preterquam
370 1900 414 1940 in
444 1908 643 1957 tempore
674 1916 868 1958 gwerre,
897 1909 939 1941 et
973 1900 1006 1941 si
1039 1900 1127 1942 sint
1155 1900 1207 1941 de
1242 1909 1354 1941 terra
1388 1908 1540 1941 contra

60 1983 138 2008 nos
175 1967 419 2026 gwerrina3
451 1977 491 2009 et
531 1967 564 2009 si
584 1968 611 1996 ¹¹
649 1968 757 2009 tales
789 1969 1066 2010 inveniantur
1096 1967 1140 2009 in
1175 1977 1289 2009 terra
1315 1977 1462 2010 nostra
1495 1968 1537 2009 in

58 2035 279 2093 principio
308 2052 501 2094 gwerre,
538 2036 832 2078 attachientur
861 2037 954 2077 sine
986 2037 1176 2094 dampno
1209 2053 1441 2094 corporum
1471 2037 1538 2078 vel

59 2119 219 2154 rerum,
246 2104 385 2145 donec
412 2103 573 2145 sciatur
593 2121 614 2145 a
638 2105 764 2146 nobis
788 2105 853 2145 vel
876 2121 897 2145 a
921 2104 1095 2162 capitali
1115 2104 1360 2162 justiciario
1386 2114 1537 2147 nostro

59 2172 278 2228 quomodo
305 2180 569 2213 mercatores
596 2181 711 2213 terre
737 2182 884 2214 nostre
908 2182 1167 2225 tractentur,
1198 2174 1271 2231 qui
1295 2182 1399 2215 tunc
1421 2174 1535 2215 inve-

153 2364 180 2394 Il
199 2375 219 2404 y
234 2375 252 2394 a
270 2368 301 2394 et
318 2365 404 2395 dans
425 2366 503 2395 1216
521 2365 599 2407 (art.
620 2366 671 2408 30)
690 2371 723 2396 et
743 2366 792 2397 vel
808 2367 893 2397 dans
910 2368 987 2398 1217
1003 2367 1081 2409 (art.
1102 2368 1164 2409 33).

152 2406 243 2435 Dans
266 2407 370 2436 1297:
391 2406 651 2447 ahcnjuslerra

123 2470 129 2476 .
154 2447 245 2477 Dans
264 2448 342 2477 1297
364 2458 369 2478 :
390 2447 518 2489 aliquo.

121 2511 127 2517 .
153 2488 244 2518 Dans
265 2489 342 2519 1297
363 2500 368 2519 :
389 2493 432 2519 et.

152 2529 380 2560 Lesinotsen
400 2531 1142 2574 &astques1nanquentdan51216(am.3l)

152 2570 387 2602 Lesinotsen
406 2571 1143 2616 &ahquesxnanquentdans1216(art.32)

120 2634 125 2640 .
151 2611 242 2641 Dans
265 2613 342 2642 1297
364 2625 369 2643 z
389 2613 458 2643 alio
477 2614 592 2655 aliquo
613 2615 720 2645 modo.

119 2676 124 2681 .
152 2653 229 2682 1297
247 2653 360 2693 ajoute
379 2665 384 2684 2
401 2657 611 2686 conductum.

95 2694 125 2722 9.
150 2694 240 2723 Dans
265 2695 435 2736 1216<a1·t.
454 2698 506 2737 34)
527 2708 532 2726 :
553 2708 672 2737 aquas.

81 2734 127 2763 10.
154 2735 244 2765 Dans
261 2737 339 2767 1216
358 2742 389 2767 et
410 2738 484 2767 1297
504 2749 508 2768 z
527 2742 567 2768 el.

82 2775 127 2804 11.
154 2775 190 2806 Si
206 2777 291 2807 omis
310 2778 394 2808 dan<
420 2780 507 2809 1297.

96 2365 127 2516 βωῳβ

96 2531 126 2680 Οοκὶῗωι
