<?xml version="1.0" encoding="UTF-8"?>
<!DOCTYPE html PUBLIC "-//W3C//DTD XHTML 1.0 Transitional//EN"
    "http://www.w3.org/TR/xhtml1/DTD/xhtml1-transitional.dtd">
<html xmlns="http://www.w3.org/1999/xhtml" xml:lang="en" lang="en">
 <head>
  <title>
</title>
<meta http-equiv="Content-Type" content="text/html;charset=utf-8" />
  <meta name='ocr-system' content='tesseract 3.04.00' />
  <meta name='ocr-capabilities' content='ocr_page ocr_carea ocr_par ocr_line ocrx_word'/>
</head>
<body>
  <div class='ocr_page' id='page_1' title='image "./chartesdeslibert00bemo_0103.png"; bbox 0 0 1796 3153; ppageno 0'>
   <div class='ocr_carea' id='block_1_1' title="bbox 276 211 1576 252">
    <p class='ocr_par' dir='ltr' id='par_1_1' title="bbox 276 211 1576 252">
     <span class='ocr_line' id='line_1_1' title="bbox 276 211 1576 252; baseline 0.002 -2"><span class='ocrx_word' id='word_1_1' title='bbox 276 221 330 250; x_wconf 90' lang='lat' dir='ltr'>1v.</span> <span class='ocrx_word' id='word_1_2' title='bbox 356 238 395 242; x_wconf 90' lang='lat'>—</span> <span class='ocrx_word' id='word_1_3' title='bbox 419 211 627 251; x_wconf 71' lang='lat' dir='ltr'>PETITION</span> <span class='ocrx_word' id='word_1_4' title='bbox 652 221 732 251; x_wconf 90' lang='lat' dir='ltr'>DES</span> <span class='ocrx_word' id='word_1_5' title='bbox 757 221 925 251; x_wconf 70' lang='lat' dir='ltr'>BARONS</span> <span class='ocrx_word' id='word_1_6' title='bbox 950 222 974 250; x_wconf 72' lang='lat' dir='ltr'>A</span> <span class='ocrx_word' id='word_1_7' title='bbox 995 221 1100 251; x_wconf 72' lang='lat' dir='ltr'>JEAN</span> <span class='ocrx_word' id='word_1_8' title='bbox 1126 222 1231 251; x_wconf 70' lang='lat' dir='ltr'>SANS</span> <span class='ocrx_word' id='word_1_9' title='bbox 1258 222 1398 252; x_wconf 66' lang='lat' dir='ltr'>&#39;summ</span> <span class='ocrx_word' id='word_1_10' title='bbox 1541 223 1576 252; x_wconf 62' lang='lat'>2¹1</span> 
     </span>
    </p>
   </div>
   <div class='ocr_carea' id='block_1_2' title="bbox 94 297 1578 489">
    <p class='ocr_par' dir='ltr' id='par_1_2' title="bbox 94 297 1578 489">
     <span class='ocr_line' id='line_1_2' title="bbox 94 297 1575 355; baseline 0.001 -18"><span class='ocrx_word' id='word_1_11' title='bbox 94 297 300 347; x_wconf 89' lang='lat' dir='ltr'>habeant,</span> <span class='ocrx_word' id='word_1_12' title='bbox 320 297 488 338; x_wconf 85' lang='lat' dir='ltr'>scilicet</span> <span class='ocrx_word' id='word_1_13' title='bbox 515 297 822 355; x_wconf 59' lang='lat' dir='ltr'>lssngelardum,</span> <span class='ocrx_word' id='word_1_14' title='bbox 847 297 1080 346; x_wconf 82' lang='lat' dir='ltr'>Andream,</span> <span class='ocrx_word' id='word_1_15' title='bbox 1104 299 1294 347; x_wconf 73' lang='lat' dir='ltr'>l‘ctrum,</span> <span class='ocrx_word' id='word_1_16' title='bbox 1318 307 1360 338; x_wconf 84' lang='lat' dir='ltr'>ct</span> <span class='ocrx_word' id='word_1_17' title='bbox 1380 301 1575 354; x_wconf 67' lang='lat' dir='ltr'>(lyonem</span> 
     </span>
     <span class='ocr_line' id='line_1_3' title="bbox 94 363 1578 422; baseline 0.001 -18"><span class='ocrx_word' id='word_1_18' title='bbox 94 363 147 404; x_wconf 87' lang='grc'>(16</span> <span class='ocrx_word' id='word_1_19' title='bbox 175 365 414 415; x_wconf 77' lang='lat' dir='ltr'>Cancellis,</span> <span class='ocrx_word' id='word_1_20' title='bbox 441 366 638 421; x_wconf 79' lang='lat' dir='ltr'>Gyonem</span> <span class='ocrx_word' id='word_1_21' title='bbox 663 364 716 404; x_wconf 87' lang='lat' dir='ltr'>de</span> <span class='ocrx_word' id='word_1_22' title='bbox 747 366 943 420; x_wconf 70' lang='lat' dir='ltr'>Cygnuy,</span> <span class='ocrx_word' id='word_1_23' title='bbox 970 365 1191 405; x_wconf 55' lang='lat' dir='ltr'>Mathoum</span> <span class='ocrx_word' id='word_1_24' title='bbox 1218 364 1270 404; x_wconf 83' lang='lat' dir='ltr'>(le</span> <span class='ocrx_word' id='word_1_25' title='bbox 1300 367 1509 422; x_wconf 80' lang='lat' dir='ltr'>Martiny,</span> <span class='ocrx_word' id='word_1_26' title='bbox 1536 374 1578 406; x_wconf 83' lang='lat' dir='ltr'>et</span> 
     </span>
     <span class='ocr_line' id='line_1_4' title="bbox 94 430 1572 489; baseline 0.001 -17"><span class='ocrx_word' id='word_1_27' title='bbox 94 430 246 472; x_wconf 86' lang='lat' dir='ltr'>fratres</span> <span class='ocrx_word' id='word_1_28' title='bbox 265 434 380 489; x_wconf 80' lang='lat' dir='ltr'>ejus3</span> <span class='ocrx_word' id='word_1_29' title='bbox 401 440 443 472; x_wconf 88' lang='lat' dir='ltr'>et</span> <span class='ocrx_word' id='word_1_30' title='bbox 459 431 703 473; x_wconf 84' lang='lat' dir='ltr'>Gall&#39;ridum</span> <span class='ocrx_word' id='word_1_31' title='bbox 730 440 934 488; x_wconf 78' lang='lat' dir='ltr'>nepotem</span> <span class='ocrx_word' id='word_1_32' title='bbox 960 433 1052 487; x_wconf 83' lang='lat' dir='ltr'>ejus</span> <span class='ocrx_word' id='word_1_33' title='bbox 1075 440 1116 471; x_wconf 83' lang='lat' dir='ltr'>et</span> <span class='ocrx_word' id='word_1_34' title='bbox 1139 432 1390 489; x_wconf 82' lang='lat' dir='ltr'>Philippum</span> <span class='ocrx_word' id='word_1_35' title='bbox 1408 434 1529 474; x_wconf 61' lang='grc' dir='ltr'><strong>Μαι-1(</strong></span> <span class='ocrx_word' id='word_1_36' title='bbox 1546 433 1572 474; x_wconf 76' lang='lat'>¹.</span> 
     </span>
    </p>
   </div>
   <div class='ocr_carea' id='block_1_3' title="bbox 91 523 1573 717">
    <p class='ocr_par' dir='ltr' id='par_1_3' title="bbox 91 523 1573 717">
     <span class='ocr_line' id='line_1_5' title="bbox 149 523 1572 582; baseline 0 -16"><span class='ocrx_word' id='word_1_37' title='bbox 149 525 220 566; x_wconf 78' lang='lat'>41.</span> <span class='ocrx_word' id='word_1_38' title='bbox 260 527 311 566; x_wconf 87' lang='lat' dir='ltr'>Et</span> <span class='ocrx_word' id='word_1_39' title='bbox 338 533 384 565; x_wconf 87' lang='lat' dir='ltr'>nt</span> <span class='ocrx_word' id='word_1_40' title='bbox 408 540 481 565; x_wconf 86' lang='lat' dir='ltr'>rex</span> <span class='ocrx_word' id='word_1_41' title='bbox 505 533 700 565; x_wconf 89' lang='lat' dir='ltr'>amoveat</span> <span class='ocrx_word' id='word_1_42' title='bbox 723 523 1009 580; x_wconf 70' lang='lat' dir='ltr'>alienigenas,</span> <span class='ocrx_word' id='word_1_43' title='bbox 1036 524 1212 575; x_wconf 76' lang='lat' dir='ltr'><strong>milites,</strong></span> <span class='ocrx_word' id='word_1_44' title='bbox 1243 525 1572 582; x_wconf 83' lang='lat' dir='ltr'>stipendiarios,</span> 
     </span>
     <span class='ocr_line' id='line_1_6' title="bbox 91 591 1573 650; baseline 0.001 -17"><span class='ocrx_word' id='word_1_45' title='bbox 91 591 362 645; x_wconf 75' lang='lat' dir='ltr'>balistarios,</span> <span class='ocrx_word' id='word_1_46' title='bbox 387 600 427 632; x_wconf 81' lang='lat' dir='ltr'>et</span> <span class='ocrx_word' id='word_1_47' title='bbox 451 591 679 642; x_wconf 85' lang='lat' dir='ltr'>ruttarios,</span> <span class='ocrx_word' id='word_1_48' title='bbox 703 600 744 632; x_wconf 91' lang='lat' dir='ltr'>ct</span> <span class='ocrx_word' id='word_1_49' title='bbox 767 592 1004 632; x_wconf 77' lang='lat' dir='ltr'>servientes</span> <span class='ocrx_word' id='word_1_50' title='bbox 1031 593 1105 648; x_wconf 87' lang='lat' dir='ltr'>qui</span> <span class='ocrx_word' id='word_1_51' title='bbox 1127 593 1307 633; x_wconf 87' lang='lat' dir='ltr'>veniunt</span> <span class='ocrx_word' id='word_1_52' title='bbox 1328 609 1424 634; x_wconf 90' lang='lat' dir='ltr'>cum</span> <span class='ocrx_word' id='word_1_53' title='bbox 1448 594 1573 650; x_wconf 86' lang='lat' dir='ltr'>cquis</span> 
     </span>
     <span class='ocr_line' id='line_1_7' title="bbox 91 659 865 717; baseline -0.003 -16"><span class='ocrx_word' id='word_1_54' title='bbox 91 668 133 701; x_wconf 87' lang='lat' dir='ltr'>et</span> <span class='ocrx_word' id='word_1_55' title='bbox 155 660 285 701; x_wconf 88' lang='lat' dir='ltr'>armis</span> <span class='ocrx_word' id='word_1_56' title='bbox 307 659 360 700; x_wconf 87' lang='lat' dir='ltr'>ad</span> <span class='ocrx_word' id='word_1_57' title='bbox 387 667 696 700; x_wconf 83' lang='lat' dir='ltr'>nocumentum</span> <span class='ocrx_word' id='word_1_58' title='bbox 725 659 865 717; x_wconf 79' lang='lat' dir='ltr'>regni.</span> 
     </span>
    </p>
   </div>
   <div class='ocr_carea' id='block_1_4' title="bbox 88 753 1574 930">
    <p class='ocr_par' dir='ltr' id='par_1_4' title="bbox 88 753 1574 930">
     <span class='ocr_line' id='line_1_8' title="bbox 148 753 1572 809; baseline 0.002 -16"><span class='ocrx_word' id='word_1_59' title='bbox 148 753 220 797; x_wconf 84' lang='lat'>42.</span> <span class='ocrx_word' id='word_1_60' title='bbox 257 755 313 795; x_wconf 92' lang='lat' dir='ltr'>Ut</span> <span class='ocrx_word' id='word_1_61' title='bbox 333 769 406 793; x_wconf 83' lang='lat' dir='ltr'>rex</span> <span class='ocrx_word' id='word_1_62' title='bbox 427 753 854 809; x_wconf 70' lang='lat' dir='ltr'>laciatjusticiarios,</span> <span class='ocrx_word' id='word_1_63' title='bbox 880 753 1247 804; x_wconf 78' lang='lat' dir='ltr'>constabularios,</span> <span class='ocrx_word' id='word_1_64' title='bbox 1275 754 1572 797; x_wconf 67' lang='lat' dir='ltr'>vicecomites,</span> 
     </span>
     <span class='ocr_line' id='line_1_9' title="bbox 89 820 1574 878; baseline 0 -16"><span class='ocrx_word' id='word_1_65' title='bbox 89 830 131 862; x_wconf 88' lang='lat' dir='ltr'>et</span> <span class='ocrx_word' id='word_1_66' title='bbox 161 821 361 872; x_wconf 85' lang='lat' dir='ltr'>ballivos,</span> <span class='ocrx_word' id='word_1_67' title='bbox 396 821 450 862; x_wconf 84' lang='lat' dir='ltr'>(le</span> <span class='ocrx_word' id='word_1_68' title='bbox 477 820 637 861; x_wconf 88' lang='lat' dir='ltr'>talibus</span> <span class='ocrx_word' id='word_1_69' title='bbox 668 821 741 877; x_wconf 88' lang='lat' dir='ltr'>qui</span> <span class='ocrx_word' id='word_1_70' title='bbox 776 820 915 861; x_wconf 83' lang='lat' dir='ltr'>sciant</span> <span class='ocrx_word' id='word_1_71' title='bbox 948 821 1088 878; x_wconf 74' lang='lat' dir='ltr'>legem</span> <span class='ocrx_word' id='word_1_72' title='bbox 1120 830 1237 861; x_wconf 89' lang='lat' dir='ltr'>terre</span> <span class='ocrx_word' id='word_1_73' title='bbox 1267 829 1309 862; x_wconf 91' lang='lat' dir='ltr'>et</span> <span class='ocrx_word' id='word_1_74' title='bbox 1338 836 1430 862; x_wconf 87' lang='lat' dir='ltr'>eam</span> <span class='ocrx_word' id='word_1_75' title='bbox 1463 822 1574 863; x_wconf 87' lang='lat' dir='ltr'>bene</span> 
     </span>
     <span class='ocr_line' id='line_1_10' title="bbox 88 888 497 930; baseline 0.002 -1"><span class='ocrx_word' id='word_1_76' title='bbox 88 888 223 930; x_wconf 84' lang='lat' dir='ltr'>velint</span> <span class='ocrx_word' id='word_1_77' title='bbox 250 889 497 930; x_wconf 86' lang='lat' dir='ltr'>observare.</span> 
     </span>
    </p>
   </div>
   <div class='ocr_carea' id='block_1_5' title="bbox 88 982 1574 1109">
    <p class='ocr_par' dir='ltr' id='par_1_5' title="bbox 88 982 1574 1109">
     <span class='ocr_line' id='line_1_11' title="bbox 144 982 1574 1040; baseline 0.001 -17"><span class='ocrx_word' id='word_1_78' title='bbox 144 982 217 1027; x_wconf 84' lang='lat'>43.</span> <span class='ocrx_word' id='word_1_79' title='bbox 253 985 310 1025; x_wconf 80' lang='lat' dir='ltr'>Ut</span> <span class='ocrx_word' id='word_1_80' title='bbox 343 984 529 1024; x_wconf 86' lang='lat' dir='ltr'>barones</span> <span class='ocrx_word' id='word_1_81' title='bbox 561 984 635 1040; x_wconf 81' lang='lat' dir='ltr'>qui</span> <span class='ocrx_word' id='word_1_82' title='bbox 671 983 959 1024; x_wconf 81' lang='lat' dir='ltr'>fundaverunt</span> <span class='ocrx_word' id='word_1_83' title='bbox 997 982 1216 1033; x_wconf 74' lang='lat' dir='ltr'>abbatias,</span> <span class='ocrx_word' id='word_1_84' title='bbox 1256 982 1370 1023; x_wconf 89' lang='lat' dir='ltr'>unde</span> <span class='ocrx_word' id='word_1_85' title='bbox 1409 983 1574 1024; x_wconf 85' lang='lat' dir='ltr'>habent</span> 
     </span>
     <span class='ocr_line' id='line_1_12' title="bbox 88 1050 1572 1109; baseline 0.001 -18"><span class='ocrx_word' id='word_1_86' title='bbox 88 1058 227 1091; x_wconf 85' lang='lat' dir='ltr'>cartas</span> <span class='ocrx_word' id='word_1_87' title='bbox 272 1067 423 1109; x_wconf 81' lang='lat' dir='ltr'>regum</span> <span class='ocrx_word' id='word_1_88' title='bbox 465 1051 532 1092; x_wconf 89' lang='lat' dir='ltr'>vcl</span> <span class='ocrx_word' id='word_1_89' title='bbox 569 1052 791 1108; x_wconf 82' lang='lat' dir='ltr'>antiquam</span> <span class='ocrx_word' id='word_1_90' title='bbox 835 1060 1056 1100; x_wconf 82' lang='lat' dir='ltr'>tenuram,</span> <span class='ocrx_word' id='word_1_91' title='bbox 1100 1051 1292 1091; x_wconf 84' lang='lat' dir='ltr'>habeant</span> <span class='ocrx_word' id='word_1_92' title='bbox 1329 1050 1572 1092; x_wconf 82' lang='lat' dir='ltr'>custodiam</span> 
     </span>
    </p>
   </div>
   <div class='ocr_carea' id='block_1_6' title="bbox 89 1119 649 1159">
    <p class='ocr_par' dir='ltr' id='par_1_6' title="bbox 89 1119 649 1159">
     <span class='ocr_line' id='line_1_13' title="bbox 89 1119 649 1159; baseline 0 -1"><span class='ocrx_word' id='word_1_93' title='bbox 89 1133 236 1159; x_wconf 85' lang='lat' dir='ltr'>earum</span> <span class='ocrx_word' id='word_1_94' title='bbox 261 1134 358 1159; x_wconf 89' lang='lat' dir='ltr'>cum</span> <span class='ocrx_word' id='word_1_95' title='bbox 385 1119 649 1159; x_wconf 81' lang='lat' dir='ltr'>vacaverint.</span> 
     </span>
    </p>
   </div>
   <div class='ocr_carea' id='block_1_7' title="bbox 80 1211 1571 1874">
    <p class='ocr_par' dir='ltr' id='par_1_7' title="bbox 80 1211 1571 1874">
     <span class='ocr_line' id='line_1_14' title="bbox 146 1211 1571 1269; baseline 0 -18"><span class='ocrx_word' id='word_1_96' title='bbox 146 1211 217 1251; x_wconf 88' lang='lat'>44.</span> <span class='ocrx_word' id='word_1_97' title='bbox 256 1211 299 1252; x_wconf 81' lang='lat' dir='ltr'>Si</span> <span class='ocrx_word' id='word_1_98' title='bbox 329 1228 404 1252; x_wconf 83' lang='lat' dir='ltr'>rex</span> <span class='ocrx_word' id='word_1_99' title='bbox 432 1212 659 1256; x_wconf 48' lang='lat' dir='ltr'>&amp;Valenses</span> <span class='ocrx_word' id='word_1_100' title='bbox 685 1211 945 1252; x_wconf 78' lang='lat' dir='ltr'>dissaisierit</span> <span class='ocrx_word' id='word_1_101' title='bbox 967 1212 1033 1252; x_wconf 80' lang='lat' dir='ltr'>vel</span> <span class='ocrx_word' id='word_1_102' title='bbox 1062 1212 1334 1269; x_wconf 80' lang='lat' dir='ltr'>elongaverit</span> <span class='ocrx_word' id='word_1_103' title='bbox 1362 1211 1415 1252; x_wconf 89' lang='lat' dir='ltr'>de</span> <span class='ocrx_word' id='word_1_104' title='bbox 1441 1211 1571 1252; x_wconf 88' lang='lat' dir='ltr'>terris</span> 
     </span>
     <span class='ocr_line' id='line_1_15' title="bbox 88 1278 1567 1336; baseline 0 -16"><span class='ocrx_word' id='word_1_105' title='bbox 88 1279 155 1320; x_wconf 85' lang='lat' dir='ltr'>vel</span> <span class='ocrx_word' id='word_1_106' title='bbox 182 1279 477 1330; x_wconf 78' lang='lat' dir='ltr'>libertatibus,</span> <span class='ocrx_word' id='word_1_107' title='bbox 507 1280 575 1320; x_wconf 90' lang='lat' dir='ltr'>vel</span> <span class='ocrx_word' id='word_1_108' title='bbox 603 1280 655 1320; x_wconf 87' lang='grc'>(16</span> <span class='ocrx_word' id='word_1_109' title='bbox 684 1281 814 1320; x_wconf 82' lang='lat' dir='ltr'>rebus</span> <span class='ocrx_word' id='word_1_110' title='bbox 843 1280 937 1319; x_wconf 87' lang='lat' dir='ltr'>aliis</span> <span class='ocrx_word' id='word_1_111' title='bbox 967 1280 1009 1319; x_wconf 91' lang='lat' dir='ltr'>in</span> <span class='ocrx_word' id='word_1_112' title='bbox 1037 1278 1195 1336; x_wconf 77' lang='lat' dir='ltr'>Anglia</span> <span class='ocrx_word' id='word_1_113' title='bbox 1223 1279 1288 1319; x_wconf 90' lang='lat' dir='ltr'>vel</span> <span class='ocrx_word' id='word_1_114' title='bbox 1315 1279 1359 1319; x_wconf 88' lang='lat' dir='ltr'>in</span> <span class='ocrx_word' id='word_1_115' title='bbox 1386 1278 1567 1330; x_wconf 85' lang='lat' dir='ltr'>Wallia,</span> 
     </span>
     <span class='ocr_line' id='line_1_16' title="bbox 89 1345 1569 1403; baseline -0.001 -16"><span class='ocrx_word' id='word_1_116' title='bbox 89 1347 151 1387; x_wconf 90' lang='lat' dir='ltr'>eis</span> <span class='ocrx_word' id='word_1_117' title='bbox 177 1348 322 1387; x_wconf 85' lang='lat' dir='ltr'>statim</span> <span class='ocrx_word' id='word_1_118' title='bbox 349 1347 441 1387; x_wconf 89' lang='lat' dir='ltr'>sine</span> <span class='ocrx_word' id='word_1_119' title='bbox 469 1347 630 1403; x_wconf 88' lang='lat' dir='ltr'>placito</span> <span class='ocrx_word' id='word_1_120' title='bbox 657 1347 921 1396; x_wconf 75' lang='lat' dir='ltr'>reddantnr3</span> <span class='ocrx_word' id='word_1_121' title='bbox 952 1355 993 1387; x_wconf 88' lang='lat' dir='ltr'>et</span> <span class='ocrx_word' id='word_1_122' title='bbox 1016 1347 1050 1386; x_wconf 87' lang='lat' dir='ltr'>si</span> <span class='ocrx_word' id='word_1_123' title='bbox 1080 1345 1242 1386; x_wconf 83' lang='lat' dir='ltr'>fuerint</span> <span class='ocrx_word' id='word_1_124' title='bbox 1269 1345 1479 1386; x_wconf 84' lang='lat' dir='ltr'>dissaisiti</span> <span class='ocrx_word' id='word_1_125' title='bbox 1503 1346 1569 1386; x_wconf 91' lang='lat' dir='ltr'>vel</span> 
     </span>
     <span class='ocr_line' id='line_1_17' title="bbox 88 1413 1569 1471; baseline -0.001 -18"><span class='ocrx_word' id='word_1_126' title='bbox 88 1413 281 1471; x_wconf 80' lang='lat' dir='ltr'>elongati</span> <span class='ocrx_word' id='word_1_127' title='bbox 308 1413 361 1454; x_wconf 80' lang='lat' dir='ltr'>cle</span> <span class='ocrx_word' id='word_1_128' title='bbox 395 1413 659 1455; x_wconf 85' lang='lat' dir='ltr'>tenementis</span> <span class='ocrx_word' id='word_1_129' title='bbox 693 1413 781 1454; x_wconf 86' lang='lat' dir='ltr'>suis</span> <span class='ocrx_word' id='word_1_130' title='bbox 809 1413 966 1471; x_wconf 74' lang='lat' dir='ltr'>Anglie</span> <span class='ocrx_word' id='word_1_131' title='bbox 995 1430 1074 1470; x_wconf 86' lang='lat' dir='ltr'>per</span> <span class='ocrx_word' id='word_1_132' title='bbox 1101 1422 1268 1470; x_wconf 86' lang='lat' dir='ltr'>patrem</span> <span class='ocrx_word' id='word_1_133' title='bbox 1298 1413 1363 1453; x_wconf 88' lang='lat' dir='ltr'>vel</span> <span class='ocrx_word' id='word_1_134' title='bbox 1393 1413 1569 1453; x_wconf 83' lang='lat' dir='ltr'>fratrem</span> 
     </span>
     <span class='ocr_line' id='line_1_18' title="bbox 86 1479 1568 1538; baseline 0.001 -18"><span class='ocrx_word' id='word_1_135' title='bbox 86 1480 201 1537; x_wconf 83' lang='lat' dir='ltr'>regis</span> <span class='ocrx_word' id='word_1_136' title='bbox 242 1481 335 1521; x_wconf 85' lang='lat' dir='ltr'>sine</span> <span class='ocrx_word' id='word_1_137' title='bbox 370 1481 529 1536; x_wconf 87' lang='lat' dir='ltr'>juditio</span> <span class='ocrx_word' id='word_1_138' title='bbox 569 1480 737 1538; x_wconf 84' lang='lat' dir='ltr'>parium</span> <span class='ocrx_word' id='word_1_139' title='bbox 772 1497 970 1531; x_wconf 85' lang='lat' dir='ltr'>suorum,</span> <span class='ocrx_word' id='word_1_140' title='bbox 1010 1497 1085 1521; x_wconf 83' lang='lat' dir='ltr'>rex</span> <span class='ocrx_word' id='word_1_141' title='bbox 1121 1481 1182 1521; x_wconf 88' lang='lat' dir='ltr'>eis</span> <span class='ocrx_word' id='word_1_142' title='bbox 1222 1480 1315 1521; x_wconf 90' lang='lat' dir='ltr'>sine</span> <span class='ocrx_word' id='word_1_143' title='bbox 1356 1479 1568 1521; x_wconf 87' lang='lat' dir='ltr'>dilatione</span> 
     </span>
     <span class='ocr_line' id='line_1_19' title="bbox 80 1547 1568 1605; baseline 0 -18"><span class='ocrx_word' id='word_1_144' title='bbox 80 1547 302 1603; x_wconf 82' lang='lat' dir='ltr'>justiciam</span> <span class='ocrx_word' id='word_1_145' title='bbox 327 1547 567 1598; x_wconf 79' lang='lat' dir='ltr'>exhibebit,</span> <span class='ocrx_word' id='word_1_146' title='bbox 593 1564 643 1589; x_wconf 91' lang='lat' dir='ltr'>eo</span> <span class='ocrx_word' id='word_1_147' title='bbox 670 1549 797 1589; x_wconf 85' lang='lat' dir='ltr'>modo</span> <span class='ocrx_word' id='word_1_148' title='bbox 820 1565 905 1605; x_wconf 80' lang='lat' dir='ltr'>quo</span> <span class='ocrx_word' id='word_1_149' title='bbox 932 1548 1109 1588; x_wconf 77' lang='lat' dir='ltr'>exhibet</span> <span class='ocrx_word' id='word_1_150' title='bbox 1131 1547 1327 1604; x_wconf 83' lang='lat' dir='ltr'>Anglieis</span> <span class='ocrx_word' id='word_1_151' title='bbox 1346 1548 1568 1603; x_wconf 85' lang='lat' dir='ltr'>justiciam</span> 
     </span>
     <span class='ocr_line' id='line_1_20' title="bbox 85 1614 1567 1672; baseline -0.001 -17"><span class='ocrx_word' id='word_1_152' title='bbox 85 1614 138 1655; x_wconf 86' lang='lat' dir='ltr'>de</span> <span class='ocrx_word' id='word_1_153' title='bbox 170 1615 432 1655; x_wconf 86' lang='lat' dir='ltr'>tenementis</span> <span class='ocrx_word' id='word_1_154' title='bbox 468 1615 556 1656; x_wconf 90' lang='lat' dir='ltr'>suis</span> <span class='ocrx_word' id='word_1_155' title='bbox 584 1615 743 1672; x_wconf 74' lang='lat' dir='ltr'>Anglie</span> <span class='ocrx_word' id='word_1_156' title='bbox 778 1615 1019 1656; x_wconf 85' lang='lat' dir='ltr'>secundum</span> <span class='ocrx_word' id='word_1_157' title='bbox 1053 1615 1198 1672; x_wconf 82' lang='lat' dir='ltr'>legem</span> <span class='ocrx_word' id='word_1_158' title='bbox 1230 1614 1412 1671; x_wconf 76' lang='lat' dir='ltr'>Anglie,</span> <span class='ocrx_word' id='word_1_159' title='bbox 1445 1623 1486 1654; x_wconf 90' lang='lat' dir='ltr'>et</span> <span class='ocrx_word' id='word_1_160' title='bbox 1514 1614 1567 1655; x_wconf 89' lang='grc'>(16</span> 
     </span>
     <span class='ocr_line' id='line_1_21' title="bbox 84 1682 1567 1740; baseline 0 -18"><span class='ocrx_word' id='word_1_161' title='bbox 84 1683 345 1723; x_wconf 86' lang='lat' dir='ltr'>tenementis</span> <span class='ocrx_word' id='word_1_162' title='bbox 362 1682 519 1727; x_wconf 85' lang='lat' dir='ltr'>Wallie</span> <span class='ocrx_word' id='word_1_163' title='bbox 540 1683 779 1723; x_wconf 87' lang='lat' dir='ltr'>secundum</span> <span class='ocrx_word' id='word_1_164' title='bbox 803 1683 944 1740; x_wconf 75' lang='lat' dir='ltr'>legem</span> <span class='ocrx_word' id='word_1_165' title='bbox 968 1683 1144 1732; x_wconf 51' lang='lat' dir='ltr'>NVallie,</span> <span class='ocrx_word' id='word_1_166' title='bbox 1164 1691 1206 1722; x_wconf 88' lang='lat' dir='ltr'>et</span> <span class='ocrx_word' id='word_1_167' title='bbox 1227 1682 1280 1722; x_wconf 87' lang='grc'>(10</span> <span class='ocrx_word' id='word_1_168' title='bbox 1303 1682 1567 1722; x_wconf 84' lang='lat' dir='ltr'>tenementis</span> 
     </span>
     <span class='ocr_line' id='line_1_22' title="bbox 82 1749 1566 1807; baseline -0.001 -17"><span class='ocrx_word' id='word_1_169' title='bbox 82 1750 276 1790; x_wconf 86' lang='lat' dir='ltr'>Marchie</span> <span class='ocrx_word' id='word_1_170' title='bbox 308 1749 548 1791; x_wconf 88' lang='lat' dir='ltr'>secundum</span> <span class='ocrx_word' id='word_1_171' title='bbox 579 1751 720 1807; x_wconf 78' lang='lat' dir='ltr'>legem</span> <span class='ocrx_word' id='word_1_172' title='bbox 749 1751 969 1801; x_wconf 81' lang='lat' dir='ltr'>Marchie3</span> <span class='ocrx_word' id='word_1_173' title='bbox 999 1750 1114 1791; x_wconf 86' lang='lat' dir='ltr'>idem</span> <span class='ocrx_word' id='word_1_174' title='bbox 1147 1749 1307 1790; x_wconf 78' lang='lat' dir='ltr'>sacient</span> <span class='ocrx_word' id='word_1_175' title='bbox 1335 1749 1566 1793; x_wconf 60' lang='lat' dir='ltr'>XValenses</span> 
     </span>
     <span class='ocr_line' id='line_1_23' title="bbox 83 1815 382 1874; baseline 0.01 -18"><span class='ocrx_word' id='word_1_176' title='bbox 83 1815 175 1874; x_wconf 84' lang='lat' dir='ltr'>regi</span> <span class='ocrx_word' id='word_1_177' title='bbox 203 1824 246 1857; x_wconf 86' lang='lat' dir='ltr'>et</span> <span class='ocrx_word' id='word_1_178' title='bbox 274 1816 382 1860; x_wconf 85' lang='lat' dir='ltr'>suis.</span> 
     </span>
    </p>
   </div>
   <div class='ocr_carea' id='block_1_8' title="bbox 139 1910 1042 1953">
    <p class='ocr_par' dir='ltr' id='par_1_8' title="bbox 139 1910 1042 1953">
     <span class='ocr_line' id='line_1_24' title="bbox 139 1910 1042 1953; baseline 0 -3"><span class='ocrx_word' id='word_1_179' title='bbox 139 1910 212 1951; x_wconf 84' lang='lat'>45.</span> <span class='ocrx_word' id='word_1_180' title='bbox 247 1912 303 1952; x_wconf 91' lang='lat' dir='ltr'>Ut</span> <span class='ocrx_word' id='word_1_181' title='bbox 325 1926 398 1951; x_wconf 82' lang='lat' dir='ltr'>rex</span> <span class='ocrx_word' id='word_1_182' title='bbox 426 1911 582 1951; x_wconf 84' lang='lat' dir='ltr'>reddat</span> <span class='ocrx_word' id='word_1_183' title='bbox 609 1910 744 1951; x_wconf 88' lang='lat' dir='ltr'>filium</span> <span class='ocrx_word' id='word_1_184' title='bbox 769 1910 974 1953; x_wconf 82' lang='lat' dir='ltr'>Lewelini</span> <span class='ocrx_word' id='word_1_185' title='bbox 1000 1919 1042 1951; x_wconf 90' lang='lat' dir='ltr'>et</span> 
     </span>
    </p>
   </div>
   <div class='ocr_carea' id='block_1_9' title="bbox 81 1965 1565 2034">
    <p class='ocr_par' dir='ltr' id='par_1_9' title="bbox 81 1965 1565 2034">
     <span class='ocr_line' id='line_1_25' title="bbox 81 1965 1565 2034; baseline 0.001 -16"><span class='ocrx_word' id='word_1_186' title='bbox 81 1986 281 2034; x_wconf 83' lang='lat' dir='ltr'>preterea</span> <span class='ocrx_word' id='word_1_187' title='bbox 310 1994 460 2018; x_wconf 91' lang='lat' dir='ltr'>omnes</span> <span class='ocrx_word' id='word_1_188' title='bbox 491 1979 669 2019; x_wconf 87' lang='lat' dir='ltr'>obsides</span> <span class='ocrx_word' id='word_1_189' title='bbox 699 1978 751 2019; x_wconf 90' lang='grc'>(16</span> <span class='ocrx_word' id='word_1_190' title='bbox 784 1978 965 2029; x_wconf 47' lang='lat' dir='ltr'>NVallia,</span> <span class='ocrx_word' id='word_1_191' title='bbox 999 1988 1040 2019; x_wconf 84' lang='lat' dir='ltr'>et</span> <span class='ocrx_word' id='word_1_192' title='bbox 1127 1982 1211 2005; x_wconf 75' lang='lat' dir='ltr'>nisi</span> <span class='ocrx_word' id='word_1_193' title='bbox 1279 1965 1405 2005; x_wconf 61' lang='lat' dir='ltr'>ahter</span> <span class='ocrx_word' id='word_1_194' title='bbox 1470 1981 1565 2005; x_wconf 69' lang='lat'>⁰550</span> 
     </span>
    </p>
   </div>
   <div class='ocr_carea' id='block_1_10' title="bbox 1127 2033 1564 2088">
    <p class='ocr_par' dir='ltr' id='par_1_10' title="bbox 1127 2033 1564 2088">
     <span class='ocr_line' id='line_1_26' title="bbox 1127 2033 1564 2088; baseline 0 -16"><span class='ocrx_word' id='word_1_195' title='bbox 1127 2033 1285 2073; x_wconf 86' lang='lat' dir='ltr'>debeat</span> <span class='ocrx_word' id='word_1_196' title='bbox 1320 2048 1398 2088; x_wconf 88' lang='lat' dir='ltr'>per</span> <span class='ocrx_word' id='word_1_197' title='bbox 1426 2040 1564 2072; x_wconf 84' lang='lat' dir='ltr'>cartas</span> 
     </span>
    </p>
   </div>
   <div class='ocr_carea' id='block_1_11' title="bbox 80 2045 1561 2155">
    <p class='ocr_par' dir='ltr' id='par_1_11' title="bbox 80 2045 1561 2155">
     <span class='ocr_line' id='line_1_27' title="bbox 80 2045 1038 2100; baseline 0.003 -17"><span class='ocrx_word' id='word_1_198' title='bbox 80 2053 219 2085; x_wconf 86' lang='lat' dir='ltr'>cartas</span> <span class='ocrx_word' id='word_1_199' title='bbox 252 2060 335 2100; x_wconf 87' lang='lat' dir='ltr'>que</span> <span class='ocrx_word' id='word_1_200' title='bbox 363 2046 402 2086; x_wconf 87' lang='lat' dir='ltr'>ei</span> <span class='ocrx_word' id='word_1_201' title='bbox 432 2045 615 2086; x_wconf 89' lang='lat' dir='ltr'>liberate</span> <span class='ocrx_word' id='word_1_202' title='bbox 642 2046 816 2086; x_wconf 85' lang='lat' dir='ltr'>suerunt</span> <span class='ocrx_word' id='word_1_203' title='bbox 842 2047 885 2086; x_wconf 89' lang='lat' dir='ltr'>in</span> <span class='ocrx_word' id='word_1_204' title='bbox 915 2062 1038 2086; x_wconf 86' lang='lat' dir='ltr'>secu-</span> 
     </span>
     <span class='ocr_line' id='line_1_28' title="bbox 1126 2099 1561 2155; baseline 0 -16"><span class='ocrx_word' id='word_1_205' title='bbox 1126 2115 1233 2155; x_wconf 83' lang='lat' dir='ltr'>quas</span> <span class='ocrx_word' id='word_1_206' title='bbox 1287 2115 1361 2139; x_wconf 81' lang='lat' dir='ltr'>rex</span> <span class='ocrx_word' id='word_1_207' title='bbox 1408 2099 1561 2149; x_wconf 86' lang='lat' dir='ltr'>habet,</span> 
     </span>
    </p>
   </div>
   <div class='ocr_carea' id='block_1_12' title="bbox 81 2112 1563 2222">
    <p class='ocr_par' dir='ltr' id='par_1_12' title="bbox 81 2112 1563 2222">
     <span class='ocr_line' id='line_1_29' title="bbox 81 2112 1029 2168; baseline 0.006 -17"><span class='ocrx_word' id='word_1_208' title='bbox 81 2112 252 2152; x_wconf 84' lang='lat' dir='ltr'>ritatem</span> <span class='ocrx_word' id='word_1_209' title='bbox 277 2113 395 2168; x_wconf 87' lang='lat' dir='ltr'>pacis</span> <span class='ocrx_word' id='word_1_210' title='bbox 404 2145 1029 2157; x_wconf 89' lang='grc'><strong>......................</strong></span> 
     </span>
     <span class='ocr_line' id='line_1_30' title="bbox 1126 2164 1563 2222; baseline 0 -17"><span class='ocrx_word' id='word_1_211' title='bbox 1126 2181 1203 2222; x_wconf 87' lang='lat' dir='ltr'>per</span> <span class='ocrx_word' id='word_1_212' title='bbox 1239 2164 1447 2221; x_wconf 86' lang='lat' dir='ltr'>juditium</span> <span class='ocrx_word' id='word_1_213' title='bbox 1496 2181 1563 2206; x_wconf 84' lang='lat' dir='ltr'>ar-</span> 
     </span>
    </p>
   </div>
   <div class='ocr_carea' id='block_1_13' title="bbox 1125 2232 1562 2354">
    <p class='ocr_par' dir='ltr' id='par_1_13' title="bbox 1125 2232 1562 2354">
     <span class='ocr_line' id='line_1_31' title="bbox 1126 2232 1561 2289; baseline 0.005 -18"><span class='ocrx_word' id='word_1_214' title='bbox 1126 2232 1450 2289; x_wconf 85' lang='lat' dir='ltr'>chiepiscopiet</span> <span class='ocrx_word' id='word_1_215' title='bbox 1461 2233 1561 2273; x_wconf 89' lang='lat' dir='ltr'>alio-</span> 
     </span>
     <span class='ocr_line' id='line_1_32' title="bbox 1125 2315 1562 2354; baseline 0.005 -16"><span class='ocrx_word' id='word_1_216' title='bbox 1125 2315 1216 2338; x_wconf 84' lang='lat' dir='ltr'>rum</span> <span class='ocrx_word' id='word_1_217' title='bbox 1260 2315 1367 2354; x_wconf 86' lang='lat' dir='ltr'>quos</span> <span class='ocrx_word' id='word_1_218' title='bbox 1415 2315 1562 2340; x_wconf 88' lang='lat' dir='ltr'>secum</span> 
     </span>
    </p>
   </div>
   <div class='ocr_carea' id='block_1_14' title="bbox 80 2203 1042 2323">
    <p class='ocr_par' dir='ltr' id='par_1_14' title="bbox 80 2203 1042 2323">
     <span class='ocr_line' id='line_1_33' title="bbox 136 2203 1038 2263; baseline 0.002 -19"><span class='ocrx_word' id='word_1_219' title='bbox 136 2203 207 2245; x_wconf 80' lang='lat'>46.</span> <span class='ocrx_word' id='word_1_220' title='bbox 244 2206 301 2246; x_wconf 90' lang='lat' dir='ltr'>Ut</span> <span class='ocrx_word' id='word_1_221' title='bbox 328 2220 402 2246; x_wconf 85' lang='lat' dir='ltr'>rex</span> <span class='ocrx_word' id='word_1_222' title='bbox 430 2205 560 2246; x_wconf 84' lang='lat' dir='ltr'>faciat</span> <span class='ocrx_word' id='word_1_223' title='bbox 585 2207 678 2263; x_wconf 83' lang='lat' dir='ltr'>regi</span> <span class='ocrx_word' id='word_1_224' title='bbox 708 2208 958 2248; x_wconf 83' lang='lat' dir='ltr'>Scottorum</span> <span class='ocrx_word' id='word_1_225' title='bbox 985 2207 1038 2247; x_wconf 88' lang='lat' dir='ltr'>de</span> 
     </span>
     <span class='ocr_line' id='line_1_34' title="bbox 80 2270 1042 2323; baseline 0.004 -12"><span class='ocrx_word' id='word_1_226' title='bbox 80 2270 309 2312; x_wconf 82' lang='lat' dir='ltr'>obsidibus</span> <span class='ocrx_word' id='word_1_227' title='bbox 335 2272 593 2323; x_wconf 85' lang='lat' dir='ltr'>reddendis,</span> <span class='ocrx_word' id='word_1_228' title='bbox 623 2282 665 2314; x_wconf 88' lang='lat' dir='ltr'>ct</span> <span class='ocrx_word' id='word_1_229' title='bbox 690 2274 743 2314; x_wconf 80' lang='lat' dir='ltr'>cle</span> <span class='ocrx_word' id='word_1_230' title='bbox 765 2274 1042 2315; x_wconf 80' lang='lat' dir='ltr'>libertatibus</span> 
     </span>
    </p>
   </div>
   <div class='ocr_carea' id='block_1_15' title="bbox 80 2337 1484 2407">
    <p class='ocr_par' dir='ltr' id='par_1_15' title="bbox 80 2337 1484 2407">
     <span class='ocr_line' id='line_1_35' title="bbox 80 2337 1484 2407; baseline 0.003 -29"><span class='ocrx_word' id='word_1_231' title='bbox 80 2337 185 2389; x_wconf 88' lang='lat' dir='ltr'>suis,</span> <span class='ocrx_word' id='word_1_232' title='bbox 225 2346 268 2379; x_wconf 89' lang='lat' dir='ltr'>et</span> <span class='ocrx_word' id='word_1_233' title='bbox 304 2340 401 2395; x_wconf 88' lang='lat' dir='ltr'>jure</span> <span class='ocrx_word' id='word_1_234' title='bbox 446 2355 545 2391; x_wconf 86' lang='lat' dir='ltr'>suo,</span> <span class='ocrx_word' id='word_1_235' title='bbox 584 2341 823 2381; x_wconf 86' lang='lat' dir='ltr'>seeundum</span> <span class='ocrx_word' id='word_1_236' title='bbox 859 2342 1035 2382; x_wconf 84' lang='lat' dir='ltr'>sormam</span> <span class='ocrx_word' id='word_1_237' title='bbox 1089 2357 1090 2364; x_wconf 59' lang='lat'>¹</span> <span class='ocrx_word' id='word_1_238' title='bbox 1123 2381 1277 2406; x_wconf 56' lang='lat' dir='ltr'>vocare</span> <span class='ocrx_word' id='word_1_239' title='bbox 1298 2366 1484 2407; x_wconf 58' lang='lat' dir='ltr'>voluerit</span> 
     </span>
    </p>
   </div>
   <div class='ocr_carea' id='block_1_16' title="bbox 79 2406 1082 2465">
    <p class='ocr_par' dir='ltr' id='par_1_16' title="bbox 79 2406 1082 2465">
     <span class='ocr_line' id='line_1_36' title="bbox 79 2406 1082 2465; baseline 0.007 -20"><span class='ocrx_word' id='word_1_240' title='bbox 79 2421 207 2462; x_wconf 85' lang='lat' dir='ltr'>quam</span> <span class='ocrx_word' id='word_1_241' title='bbox 235 2406 336 2446; x_wconf 80' lang='lat' dir='ltr'>facit</span> <span class='ocrx_word' id='word_1_242' title='bbox 364 2407 605 2447; x_wconf 87' lang='lat' dir='ltr'>baronibus</span> <span class='ocrx_word' id='word_1_243' title='bbox 633 2407 793 2465; x_wconf 82' lang='lat' dir='ltr'>Anglie</span> <span class='ocrx_word' id='word_1_244' title='bbox 812 2443 1027 2453; x_wconf 90' lang='grc'><strong>........</strong></span> <span class='ocrx_word' id='word_1_245' title='bbox 1081 2449 1082 2452; x_wconf 74' lang='grc'>,</span> 
     </span>
    </p>
   </div>
   <div class='ocr_carea' id='block_1_17' title="bbox 75 2586 1565 2714">
    <p class='ocr_par' dir='ltr' id='par_1_17' title="bbox 75 2586 1565 2714">
     <span class='ocr_line' id='line_1_37' title="bbox 119 2586 1561 2632; baseline 0.005 -17"><span class='ocrx_word' id='word_1_246' title='bbox 119 2586 146 2615; x_wconf 87' lang='grc'>1.</span> <span class='ocrx_word' id='word_1_247' title='bbox 173 2587 239 2616; x_wconf 87' lang='lat' dir='ltr'>Sur</span> <span class='ocrx_word' id='word_1_248' title='bbox 261 2587 309 2617; x_wconf 86' lang='lat' dir='ltr'>les</span> <span class='ocrx_word' id='word_1_249' title='bbox 334 2587 511 2617; x_wconf 76' lang='lat' dir='ltr'>differents</span> <span class='ocrx_word' id='word_1_250' title='bbox 536 2599 771 2629; x_wconf 77' lang='lat' dir='ltr'>personnages</span> <span class='ocrx_word' id='word_1_251' title='bbox 793 2590 875 2619; x_wconf 66' lang='lat' dir='ltr'>cites</span> <span class='ocrx_word' id='word_1_252' title='bbox 902 2591 987 2620; x_wconf 82' lang='lat' dir='ltr'>dans</span> <span class='ocrx_word' id='word_1_253' title='bbox 1007 2596 1059 2620; x_wconf 84' lang='lat' dir='ltr'>cet</span> <span class='ocrx_word' id='word_1_254' title='bbox 1084 2592 1221 2627; x_wconf 77' lang='lat' dir='ltr'>article,</span> <span class='ocrx_word' id='word_1_255' title='bbox 1244 2603 1347 2632; x_wconf 82' lang='lat' dir='ltr'>voyez</span> <span class='ocrx_word' id='word_1_256' title='bbox 1368 2593 1417 2621; x_wconf 83' lang='lat' dir='ltr'>les</span> <span class='ocrx_word' id='word_1_257' title='bbox 1436 2592 1561 2622; x_wconf 70' lang='lat' dir='ltr'>details</span> 
     </span>
     <span class='ocr_line' id='line_1_38' title="bbox 76 2627 1565 2673; baseline 0.004 -17"><span class='ocrx_word' id='word_1_258' title='bbox 76 2627 191 2672; x_wconf 66' lang='lat' dir='ltr'>renuis</span> <span class='ocrx_word' id='word_1_259' title='bbox 218 2638 282 2667; x_wconf 78' lang='lat' dir='ltr'>par</span> <span class='ocrx_word' id='word_1_260' title='bbox 302 2629 342 2658; x_wconf 84' lang='lat' dir='ltr'>R.</span> <span class='ocrx_word' id='word_1_261' title='bbox 370 2629 544 2659; x_wconf 78' lang='lat' dir='ltr'>Thomson</span> <span class='ocrx_word' id='word_1_262' title='bbox 569 2630 655 2659; x_wconf 84' lang='lat' dir='ltr'>dans</span> <span class='ocrx_word' id='word_1_263' title='bbox 678 2641 736 2660; x_wconf 88' lang='lat' dir='ltr'>son</span> <span class='ocrx_word' id='word_1_264' title='bbox 761 2632 943 2661; x_wconf 71' lang='lat' dir='ltr'>Historscal</span> <span class='ocrx_word' id='word_1_265' title='bbox 966 2644 1063 2671; x_wconf 65' lang='lat' dir='ltr'>essags</span> <span class='ocrx_word' id='word_1_266' title='bbox 1088 2643 1128 2661; x_wconf 84' lang='lat' dir='ltr'>on</span> <span class='ocrx_word' id='word_1_267' title='bbox 1149 2633 1203 2662; x_wconf 71' lang='lat' dir='ltr'>the</span> <span class='ocrx_word' id='word_1_268' title='bbox 1229 2635 1355 2672; x_wconf 72' lang='lat' dir='ltr'>Magna</span> <span class='ocrx_word' id='word_1_269' title='bbox 1374 2632 1501 2663; x_wconf 75' lang='lat' dir='ltr'>Clzarla</span> <span class='ocrx_word' id='word_1_270' title='bbox 1527 2634 1565 2673; x_wconf 81' lang='lat' dir='ltr'>of</span> 
     </span>
     <span class='ocr_line' id='line_1_39' title="bbox 75 2668 1562 2714; baseline 0.005 -18"><span class='ocrx_word' id='word_1_271' title='bbox 75 2669 165 2707; x_wconf 68' lang='lat' dir='ltr'>Ix&#39;mg</span> <span class='ocrx_word' id='word_1_272' title='bbox 179 2668 275 2704; x_wconf 69' lang='lat' dir='ltr'>John,</span> <span class='ocrx_word' id='word_1_273' title='bbox 300 2680 332 2708; x_wconf 88' lang='lat' dir='ltr'>p.</span> <span class='ocrx_word' id='word_1_274' title='bbox 359 2670 519 2705; x_wconf 63' lang='lat'>243-245;</span> <span class='ocrx_word' id='word_1_275' title='bbox 549 2671 634 2699; x_wconf 82' lang='lat' dir='ltr'>mais</span> <span class='ocrx_word' id='word_1_276' title='bbox 656 2671 698 2700; x_wconf 85' lang='lat' dir='ltr'>ils</span> <span class='ocrx_word' id='word_1_277' title='bbox 724 2683 763 2701; x_wconf 85' lang='lat' dir='ltr'>ne</span> <span class='ocrx_word' id='word_1_278' title='bbox 789 2674 947 2702; x_wconf 80' lang='lat' dir='ltr'>susfisent</span> <span class='ocrx_word' id='word_1_279' title='bbox 967 2684 1030 2713; x_wconf 79' lang='lat' dir='ltr'>pas</span> <span class='ocrx_word' id='word_1_280' title='bbox 1056 2684 1142 2712; x_wconf 82' lang='lat' dir='ltr'>pour</span> <span class='ocrx_word' id='word_1_281' title='bbox 1166 2674 1340 2714; x_wconf 77' lang='lat' dir='ltr'>esquisser</span> <span class='ocrx_word' id='word_1_282' title='bbox 1361 2676 1469 2703; x_wconf 74' lang='lat' dir='ltr'>meme</span> <span class='ocrx_word' id='word_1_283' title='bbox 1486 2674 1562 2703; x_wconf 84' lang='lat' dir='ltr'>leur</span> 
     </span>
    </p>
   </div>
   <div class='ocr_carea' id='block_1_18' title="bbox 15 2708 1561 2755">
    <p class='ocr_par' dir='ltr' id='par_1_18' title="bbox 15 2708 1561 2755">
     <span class='ocr_line' id='line_1_40' title="bbox 15 2708 1561 2755; baseline 0.005 -18"><span class='ocrx_word' id='word_1_284' title='bbox 15 2738 19 2746; x_wconf 54' lang='grc'>,</span> <span class='ocrx_word' id='word_1_285' title='bbox 75 2708 293 2748; x_wconf 83' lang='lat' dir='ltr'>biographie,</span> <span class='ocrx_word' id='word_1_286' title='bbox 307 2710 341 2739; x_wconf 88' lang='lat' dir='ltr'>ni</span> <span class='ocrx_word' id='word_1_287' title='bbox 360 2715 495 2740; x_wconf 80' lang='lat' dir='ltr'>surtout</span> <span class='ocrx_word' id='word_1_288' title='bbox 514 2722 601 2751; x_wconf 86' lang='lat' dir='ltr'>pour</span> <span class='ocrx_word' id='word_1_289' title='bbox 617 2712 774 2752; x_wconf 82' lang='lat' dir='ltr'>indiquer</span> <span class='ocrx_word' id='word_1_290' title='bbox 791 2713 865 2742; x_wconf 86' lang='lat' dir='ltr'>leur</span> <span class='ocrx_word' id='word_1_291' title='bbox 882 2714 1025 2752; x_wconf 73' lang='lat' dir='ltr'>origine.</span> <span class='ocrx_word' id='word_1_292' title='bbox 1040 2714 1091 2743; x_wconf 89' lang='lat' dir='ltr'>On</span> <span class='ocrx_word' id='word_1_293' title='bbox 1106 2719 1188 2754; x_wconf 85' lang='lat' dir='ltr'>peut</span> <span class='ocrx_word' id='word_1_294' title='bbox 1207 2715 1419 2755; x_wconf 83' lang='lat' dir='ltr'>eonjecturer</span> <span class='ocrx_word' id='word_1_295' title='bbox 1440 2725 1561 2753; x_wconf 87' lang='lat' dir='ltr'>cepen-</span> 
     </span>
    </p>
   </div>
   <div class='ocr_carea' id='block_1_19' title="bbox 76 2749 1560 2795">
    <p class='ocr_par' dir='ltr' id='par_1_19' title="bbox 76 2749 1560 2795">
     <span class='ocr_line' id='line_1_41' title="bbox 76 2749 1560 2795; baseline 0.005 -17"><span class='ocrx_word' id='word_1_296' title='bbox 76 2749 170 2786; x_wconf 84' lang='lat' dir='ltr'>dant,</span> <span class='ocrx_word' id='word_1_297' title='bbox 190 2751 217 2779; x_wconf 90' lang='lat' dir='ltr'>si</span> <span class='ocrx_word' id='word_1_298' title='bbox 235 2750 301 2780; x_wconf 78' lang='lat' dir='ltr'>l&#39;on</span> <span class='ocrx_word' id='word_1_299' title='bbox 324 2752 516 2791; x_wconf 80' lang='lat' dir='ltr'>rapproehe</span> <span class='ocrx_word' id='word_1_300' title='bbox 535 2752 679 2782; x_wconf 77' lang='lat' dir='ltr'>l&#39;artiele</span> <span class='ocrx_word' id='word_1_301' title='bbox 700 2755 739 2783; x_wconf 72' lang='lat'>40</span> <span class='ocrx_word' id='word_1_302' title='bbox 761 2754 805 2783; x_wconf 91' lang='lat' dir='ltr'>du</span> <span class='ocrx_word' id='word_1_303' title='bbox 826 2752 979 2791; x_wconf 77' lang='lat' dir='ltr'>suivant,</span> <span class='ocrx_word' id='word_1_304' title='bbox 1000 2755 1101 2795; x_wconf 72' lang='lat' dir='ltr'>qu&#39;ils</span> <span class='ocrx_word' id='word_1_305' title='bbox 1120 2756 1281 2786; x_wconf 78' lang='lat' dir='ltr'>venaient</span> <span class='ocrx_word' id='word_1_306' title='bbox 1299 2756 1345 2785; x_wconf 87' lang='lat' dir='ltr'>du</span> <span class='ocrx_word' id='word_1_307' title='bbox 1362 2755 1449 2785; x_wconf 86' lang='lat' dir='ltr'>nord</span> <span class='ocrx_word' id='word_1_308' title='bbox 1469 2756 1508 2785; x_wconf 88' lang='lat' dir='ltr'>de</span> <span class='ocrx_word' id='word_1_309' title='bbox 1526 2756 1560 2785; x_wconf 78' lang='lat' dir='ltr'>la</span> 
     </span>
    </p>
   </div>
  </div>
 </body>
</html>
