1796 3153
240 188 280 217 22
583 187 779 220 CHARTES
803 189 883 220 DES
907 181 1118 220 LIBERTF'JS
1141 189 1378 221 ANGLAISES

298 264 368 306 47.
407 265 461 306 Et
486 280 635 306 omnes
658 265 817 307 foreste
843 282 926 323 que
955 275 1055 307 sunt
1076 267 1307 307 aforestate
1334 282 1410 323 per
1435 283 1583 326 regem
1604 277 1714 308 tem-

241 348 346 390 pore
365 347 441 373 suo
463 331 844 383 deaflorestentur,
869 342 909 374 et
930 334 988 374 ita
1010 333 1082 374 siat
1104 333 1156 374 dc
1178 334 1350 390 ripariis
1370 350 1452 390 que
1469 350 1546 391 per
1570 335 1712 391 ipsum

243 415 389 458 regem
415 408 515 440 sunt
537 399 579 440 in
603 400 801 441 defenso.

297 492 368 534 48.
406 495 569 534 Omnes
602 501 744 534 autem
772 493 875 534 istas
904 493 1245 534 consuetudines
1274 501 1316 534 ct
1344 493 1569 535 libertates
1603 509 1710 551 quas

242 576 317 602 rex
343 560 561 602 concessit
591 576 727 617 regno
759 560 970 600 tenendas
1000 569 1210 617 quantum
1243 560 1295 601 acl
1324 576 1368 601 se
1395 561 1585 616 pertinet
1614 576 1717 619 erga

244 644 360 678 suos,
400 643 550 668 omnes
589 627 643 667 dc
677 643 813 684 regno
848 635 932 667 tam
961 627 1108 668 clerici
1139 644 1266 685 quain
1299 628 1398 669 laici
1425 628 1719 672 observabunt

243 704 452 752 quantum
481 695 532 736 ad
557 711 599 735 sc
625 695 818 752 pertinet
841 710 941 753 erga
968 711 1084 735 suos.

302 789 371 830 49.
412 790 498 830 Hec
529 797 594 829 est
625 789 759 829 forma
788 787 1034 829 securitatis
1063 788 1115 828 ad
1143 789 1463 831 observandum
1493 805 1645 847 pacem
1677 797 1719 831 et

244 859 468 900 libertates
492 859 606 899 inter
621 874 767 915 regem
788 867 827 899 et
849 874 1045 915 regnum,
1068 860 1260 899 Barones
1283 859 1447 917 eligent
1467 876 1576 901 .xxv.
1596 861 1719 902 baro-

244 943 321 968 nes
350 927 404 968 de
438 942 573 984 regno
605 942 713 983 quos
745 925 984 976 voluerint,
1016 927 1089 983 qui
1122 926 1282 967 debent
1311 943 1390 984 pro
1421 927 1525 968 totis
1555 927 1719 969 viribus

246 993 334 1035 suis
367 995 620 1044 observare,
652 1001 802 1033 tenere
835 1002 875 1033 ct
902 993 1043 1034 facere
1071 993 1308 1043 observari,
1339 1010 1489 1051 pacem
1517 1003 1559 1035 et
1587 994 1719 1036 liber-

244 1069 354 1101 tates
390 1076 495 1116 quas
531 1061 732 1101 dominus
769 1076 844 1100 rex
879 1059 940 1100 eis
974 1062 1192 1101 concessit
1228 1070 1267 1101 ct
1303 1070 1419 1102 carta
1454 1078 1528 1102 sua
1562 1061 1720 1103 confir-

248 1128 400 1175 mavit;
432 1128 488 1168 ita
513 1126 717 1167 videlicet
742 1127 859 1184 quod
886 1128 921 1167 si
946 1144 1036 1178 rex,
1059 1128 1125 1168 vel
1150 1128 1456 1183 justiciarius&
1486 1128 1552 1169 vel
1575 1129 1721 1169 ballivi

246 1194 384 1252 regis,
418 1194 484 1235 vel
511 1194 667 1250 aliquis
696 1194 750 1234 de
779 1193 990 1235 ministris
1022 1194 1132 1245 suis,
1164 1195 1207 1235 in
1235 1195 1380 1251 aliquo
1407 1211 1508 1253 erga
1534 1195 1720 1252 aliquem

247 1261 503 1317 deliquerit,
540 1261 606 1301 vel
649 1261 838 1317 aliquem
878 1261 1155 1302 articulorum
1198 1263 1317 1318 pacis
1359 1271 1429 1302 aut
1474 1261 1722 1302 securitatis

246 1337 548 1385 transgressus
574 1327 718 1378 suerit,
750 1336 791 1368 ct
815 1328 1022 1368 delictum
1045 1336 1268 1369 ostensum
1288 1328 1417 1369 suerit
1446 1333 1577 1369 .1111⁰¹‘.
1600 1329 1721 1369 baro-

246 1395 375 1436 nibus
403 1395 456 1435 de
477 1394 687 1451 predictis
718 1412 822 1435 xxv.
854 1395 1109 1446 baronibus,
1134 1395 1195 1435 illi
1225 1400 1354 1436 .1111⁰‘.
1383 1396 1569 1437 barones
1598 1411 1722 1436 acce-

247 1462 355 1502 dent
385 1461 437 1502 ad
469 1461 693 1502 dominum
723 1478 887 1520 regem,
915 1462 980 1502 vel
1009 1462 1061 1502 ad
1086 1461 1376 1518 justiciarium
1405 1478 1549 1513 suum,
1581 1462 1617 1502 si
1649 1477 1724 1502 rex

247 1528 379 1569 fuerit
415 1537 534 1569 extra
569 1544 774 1586 rcgnum3
806 1537 1104 1585 proponentes
1135 1528 1174 1569 ei
1207 1545 1456 1578 excessum,
1492 1536 1644 1586 petent
1677 1535 1725 1570 ut

249 1611 475 1636 excessum
497 1595 618 1635 illuni
644 1596 736 1635 sinc
764 1595 975 1636 dilatione
1001 1596 1125 1636 saciat
1151 1595 1373 1636 emendari
1395 1613 1403 1645 ;
1430 1604 1470 1635 et
1498 1595 1533 1635 si
1561 1611 1635 1635 rex
1657 1595 1723 1635 vel

245 1661 515 1718 justiciarius
553 1663 643 1717 ejus
677 1662 784 1702 illud
816 1678 903 1703 non
931 1662 1241 1711 emendaverit,
1277 1662 1311 1702 si
1344 1678 1415 1702 rex
1448 1662 1576 1702 suerit
1606 1669 1723 1701 extra

250 1745 456 1787 regnum,
487 1728 596 1769 infra
624 1728 884 1770 rationabile
911 1738 1083 1785 tempus
1112 1728 1490 1769 determinandum
1517 1728 1559 1768 in
1585 1737 1721 1778 carta,

249 1795 438 1852 predicti
455 1800 592 1837 .1111⁰s.
618 1796 805 1836 referent
823 1796 1121 1837 causamillam
1141 1795 1194 1835 ad
1212 1795 1408 1836 residuos
1431 1795 1484 1836 de
1503 1795 1604 1836 illis.
1626 1811 1720 1836 xxv.

250 1863 506 1913 baronibus,
530 1871 570 1903 et
590 1862 653 1903 illi
679 1880 789 1903 .xxv.
810 1879 905 1904 cum
930 1878 1158 1904 communa
1174 1864 1304 1903 totius
1325 1871 1440 1903 terre
1460 1862 1728 1919 distringent

250 1938 293 1971 et
313 1930 555 1987 gravabunt
575 1946 723 1988 regem
749 1929 886 1971 modis
910 1930 1111 1971 omnibus
1134 1929 1292 1985 quibus
1312 1938 1534 1986 poterunt,
1561 1928 1728 1970 scilicet

250 2013 328 2053 per
352 1996 599 2053 captionem
629 2005 893 2046 castrorum,
922 2005 1152 2045 terrarum,
1183 1997 1535 2052 possessionum,
1563 2004 1604 2035 et
1632 1994 1726 2036 aliis

253 2063 392 2104 modis
422 2064 580 2120 quibus
607 2072 831 2120 poterunt,
860 2063 999 2104 donec
1027 2063 1157 2104 fuerit
1181 2063 1458 2103 emendatum
1487 2062 1726 2103 secundum

253 2130 482 2171 arbitrium
513 2146 686 2181 eorum,
725 2130 836 2171 salva
871 2146 1057 2186 persona
1086 2129 1251 2171 domini
1282 2130 1398 2186 regis
1431 2137 1473 2169 et
1503 2128 1653 2185 regine
1686 2136 1728 2169 et

252 2313 391 2348 France,
403 2312 442 2341 de
455 2311 488 2340 la
503 2311 648 2340 Flandre
660 2322 703 2340 ou
716 2311 762 2340 du
775 2311 946 2346 Brabant;
960 2311 1041 2340 c'cst
1051 2311 1085 2339 la
1098 2321 1176 2339 sans
1190 2310 1290 2339 doute
1307 2309 1387 2349 qu'il
1405 2309 1554 2339 faudrait
1567 2308 1733 2338 chercher

253 2352 302 2382 les
321 2362 406 2392 pays
424 2352 506 2381 dont
526 2352 569 2381 ils
589 2356 727 2391 portent
744 2351 793 2380 les
813 2362 922 2380 noms.
941 2351 1053 2391 Roger
1068 2351 1108 2380 dc
1128 2351 1317 2380 wendover
1334 2350 1431 2390 place
1449 2361 1491 2380 au
1508 2349 1650 2379 nombre
1670 2349 1729 2378 des

255 2404 271 2422 «
289 2393 476 2422 consiliarii
496 2392 703 2432 iniquissimi
724 2402 738 2420 »
757 2392 797 2421 de
817 2392 902 2421 Jean
925 2402 1003 2421 sans
1026 2396 1113 2421 terre
1131 2402 1136 2420 :
1157 2402 1171 2421 «
1195 2391 1376 2431 Philippus
1396 2390 1500 2420 Marci
1520 2390 1729 2428 qastellanus

253 2433 294 2463 de
312 2433 540 2473 Notingeham
561 2445 588 2469 n,
609 2443 624 2461 α
643 2432 816 2463 Gerardus
835 2433 874 2462 de
892 2433 966 2462 Atie
982 2436 1015 2462 et
1031 2431 1234 2471 Ingelardus
1249 2442 1354 2471 nepos
1373 2431 1457 2471 ejus.
1479 2443 1493 2461 »
1509 2431 1583 2470 (Ed.
1603 2429 1728 2462 Luam,

255 2474 296 2509 II,
321 2476 390 2504 533.

294 2515 323 2543 ¹1.
349 2474 534 2553 L‘tiriginal
557 2518 654 2553 porte
679 2513 867 2543 seulement
887 2513 940 2548 ici,
970 2523 1107 2542 comme
1130 2513 1215 2542 dans
1234 2517 1308 2543 tout
1329 2513 1359 2542 le
1381 2516 1470 2542 reste
1495 2512 1535 2541 de
1559 2511 1728 2541 l’article:

248 2555 378 2595 justia,
401 2555 548 2584 laissant
565 2564 608 2583 au
626 2554 755 2583 lecteur
769 2554 810 2583 de
825 2553 962 2583 de'cider
979 2558 1149 2583 comment
1164 2554 1188 2583 il
1206 2555 1278 2583 faut
1297 2553 1459 2583 terminer
1476 2553 1507 2582 le
1525 2556 1605 2588 mot,
1625 2555 1658 2581 et
1676 2551 1731 2581 s'il

256 2596 329 2624 faut
346 2595 376 2624 lc
400 2599 519 2624 mettre
541 2605 583 2624 au
607 2594 775 2634 singulier
795 2605 837 2624 ou
859 2604 902 2623 au
923 2594 1070 2634 pluriel;
1093 2594 1178 2623 mais
1203 2594 1281 2634 cinq
1301 2593 1412 2633 lignes
1436 2593 1514 2633 plus
1532 2593 1605 2628 him,
1631 2592 1656 2621 il
1677 2595 1731 2622 est

257 2639 316 2665 sur
337 2636 416 2675 qu'il
438 2637 510 2665 faut
525 2636 556 2665 le
578 2635 755 2674 singulier‚
778 2635 924 2675 puisque
944 2635 975 2663 le
994 2639 1064 2664 mot
1087 2635 1213 2675 abre'ge
1231 2639 1282 2663 est
1302 2635 1388 2663 suivi
1408 2634 1448 2663 de
1470 2644 1565 2663 suum
1582 2633 1667 2662 ecrit
1683 2643 1726 2662 en

254 2680 366 2705 tontes
393 2677 521 2705 lettres.
550 2676 659 2711 Enfin,
682 2676 708 2704 si
736 2675 803 2704 l'on
824 2685 858 2705 se
885 2679 1020 2716 reporte
1050 2678 1068 2704 'a
1093 2675 1182 2705 l'art.
1205 2675 1242 2704 ’18
1263 2674 1303 2704 de
1326 2675 1358 2704 la
1384 2674 1518 2705 Grande
1541 2673 1658 2704 charte
1681 2673 1724 2703 de

256 2717 352 2753 Jean,
373 2727 414 2747 on
432 2727 467 2746 se
487 2716 691 2746 convaincra
706 2716 787 2756 qu'il
807 2717 889 2752 saut,
910 2720 1051 2756 partout
1070 2716 1123 2751 ici,
1141 2716 1203 2745 lire
1223 2726 1228 2745 :
1245 2714 1468 2755 justiciarius.
