1796 3153
262 237 316 267 IV.
343 255 378 260 —
402 229 608 267 PETITION
633 236 714 268 DES
739 235 911 267 BARONS
936 235 960 266 A
984 236 1089 267 JEAN
1115 236 1221 267 SANS
1247 237 1387 267 TERRE
1527 238 1566 267 19

142 312 213 354 26.
249 314 315 356 Ν6
347 313 513 370 aliquid
545 314 673 355 detur
703 329 783 370 pro
814 314 934 354 brevi
967 313 1267 370 inquisitionis
1295 313 1348 353 de
1381 314 1466 354 vita
1501 320 1569 360 vel

86 379 309 431 membris,
339 381 414 421 sed
440 380 575 421 libere
601 380 869 422 concedatur
895 379 988 421 siue
1016 379 1159 436 pretio
1186 388 1228 421 et
1247 396 1336 421 non
1366 388 1562 438 negetur.

141 472 211 514 27.
251 474 297 516 Si
323 474 480 530 aliquis
507 482 628 514 tenet
652 473 704 514 (16
732 490 835 530 rege
866 490 944 531 per
974 474 1087 515 feodi
1120 474 1302 524 firmam,
1334 490 1412 531 per
1440 474 1567 515 soka-

81 539 224 599 gium,
250 541 316 582 vel
346 557 424 598 per
452 541 729 599 burgagium,
758 549 800 581 et
831 540 884 581 de
910 540 993 581 alio
1022 556 1100 596 per
1130 540 1355 582 servitium
1385 541 1561 593 militis,

82 610 285 652 dominus
314 627 389 652 rex
417 627 501 652 non
530 610 710 652 habebit
734 611 977 652 custodiam
1004 611 1190 652 militum
1221 611 1274 652 de
1298 611 1425 652 feodo
1455 612 1563 652 alte-

84 678 190 728 rius,
221 678 451 719 occasione
477 677 679 735 burgagii
705 677 773 718 vel
800 678 983 735 sokagii,
1013 694 1092 719 nec
1118 678 1249 719 debet
1274 678 1440 719 habere
1469 694 1568 719 eus-

82 744 247 786 todiam
281 745 505 804 burgagii,
547 745 738 803 sokagii,
780 745 847 786 vel
886 745 999 786 feodi
1038 746 1188 796 firme3
1226 754 1267 787 ct
1304 746 1421 803 quod
1457 746 1569 787 liber

83 813 215 854 homo
249 828 335 853 non
368 814 535 854 amittat
570 813 768 854 militiam
799 829 920 854 suam
951 813 1183 854 occasione
1212 828 1442 869 parvarum
1480 829 1566 855 ser-

29 868 35 872 *
84 879 368 937 gantisarum,
402 879 528 921 sicuti
560 879 613 920 de
645 880 730 920 illis
768 881 841 936 qui
874 888 1029 920 tenent
1059 879 1238 936 aliquod
1269 888 1567 922 tenementum

84 947 312 988 reddendo
341 947 444 988 inde
470 947 672 989 cuttellos
703 947 766 988 vel
792 947 972 1005 sagittas
1000 947 1065 988 vel
1090 946 1358 1003 hujusmodi.

143 1040 213 1082 28.
250 1042 312 1083 Ν6
347 1040 506 1098 aliquis
534 1040 718 1081 ballivus
751 1041 892 1098 possit
924 1057 1089 1098 ponere
1124 1040 1313 1098 aliquem
1341 1041 1395 1082 ad
1426 1041 1568 1100 legem

84 1111 274 1168 simplici
298 1111 471 1168 loquela
497 1127 571 1153 sua
599 1112 691 1152 sine
718 1111 906 1153 testibus
931 1112 1152 1153 fidelibus.

142 1205 212 1247 29.
249 1207 312 1248 Ne
334 1222 491 1263 corpus
514 1206 642 1247 liberi
670 1207 859 1247 hominis
888 1207 1100 1263 capiatur,
1127 1223 1208 1248 nee
1233 1208 1565 1264 imprisonetur,

85 1289 164 1314 nec
198 1273 488 1324 dissaisietur,
530 1290 609 1314 nec
649 1274 888 1332 utlagetur,
929 1290 1008 1315 nec
1052 1275 1267 1326 exuletur,
1307 1290 1387 1315 nec
1421 1273 1568 1331 aliquo

86 1341 215 1382 modo
244 1341 508 1392 destruatur,
537 1358 618 1383 nec
640 1358 716 1384 rex
746 1351 814 1383 eat
837 1342 904 1383 vel
934 1342 1077 1383 mittat
1108 1359 1239 1400 super
1264 1358 1361 1383 eum
1391 1341 1453 1394 vi,
1483 1342 1570 1383 nisi

85 1425 164 1466 per
187 1408 392 1465 juditium
413 1409 583 1466 parium
610 1425 786 1451 suorum
813 1409 878 1450 vel
907 1426 986 1466 per
1008 1410 1151 1468 legem
1172 1418 1307 1451 terre.

144 1502 214 1545 30.
250 1504 313 1545 Ne
334 1504 405 1559 jus
428 1503 642 1544 vendatur
666 1503 733 1544 vel
760 1503 1011 1545 differratur
1034 1504 1124 1560 (sie)
1142 1504 1209 1545 vel
1230 1504 1411 1545 vetitum
1436 1503 1506 1545 sit.

144 1596 212 1637 31.
253 1596 380 1649 Quod
418 1606 681 1639 mercatores
721 1598 911 1639 habeant
952 1598 1113 1638 salvum
1152 1598 1213 1638 ire
1253 1606 1297 1638 et
1333 1598 1482 1639 venire
1516 1597 1570 1640 acl

86 1664 319 1704 emendum
346 1663 411 1704 vel
447 1665 750 1716 vendendum,
784 1666 878 1706 sine
912 1665 1114 1706 omnibus
1156 1665 1277 1706 malis
1314 1665 1453 1717 toltis,
1491 1681 1570 1723 per

87 1731 287 1788 antiquas
316 1739 358 1772 et
387 1740 526 1773 rectas
555 1732 915 1774 consuetudines.

143 1824 215 1866 32.
251 1827 314 1868 Ne
338 1827 581 1883 scutagium
602 1827 668 1869 vel
691 1827 897 1869 auxilium
919 1835 1108 1884 ponatur
1131 1827 1175 1867 in
1199 1843 1357 1884 regno,
1385 1826 1468 1868 nisi
1492 1843 1570 1884 per

86 1909 316 1935 commune
337 1894 568 1935 consilium
588 1895 729 1953 regni,
750 1894 834 1936 nisi
857 1895 910 1935 ad
932 1911 1090 1952 eorpus
1108 1895 1223 1952 regis
1246 1893 1566 1945 redimendum,

87 1968 130 2002 et
155 1960 497 2019 primogenitum
528 1962 665 2003 filium
698 1979 822 2003 suum
855 1962 1037 2003 militem
1069 1962 1336 2012 faciendum,
1369 1969 1411 2003 et
1438 1962 1567 2002 filiam

89 2045 207 2070 suam
230 2029 571 2087 primogenitam
595 2031 728 2071 semel
749 2030 1063 2081 maritandam3
1091 2037 1133 2071 et
1156 2030 1208 2070 ad
1234 2030 1315 2070 hoe
1340 2029 1414 2071 fiat
1439 2030 1570 2070 ratio-

88 2096 232 2137 nabile
257 2095 480 2137 auxilium.
514 2097 656 2138 Simili
686 2098 813 2138 modo
842 2097 916 2138 fiat
941 2098 994 2138 de
1021 2097 1226 2155 taillagiis
1253 2105 1295 2137 et
1319 2097 1490 2137 auxiliis
1517 2096 1570 2138 (16

89 2163 261 2204 civitate
304 2164 502 2204 London.
550 2173 592 2205 et
631 2165 684 2206 de
716 2164 811 2205 aliis
849 2164 1098 2206 civitatibus
1134 2181 1216 2222 que
1263 2164 1364 2205 inde
1408 2164 1571 2206 habent

88 2230 331 2282 libertates,
372 2240 414 2272 et·
449 2239 496 2272 ut
536 2232 686 2273 civitas
738 2232 936 2273 London.
990 2232 1119 2288 plene
1169 2233 1329 2273 habeat
1368 2233 1570 2288 antiquas

87 2298 314 2339 libertates
352 2307 394 2339 et
432 2299 591 2340 liberas
633 2299 975 2341 consuetudines
1014 2316 1135 2352 suas,
1177 2308 1262 2340 tam
1300 2315 1378 2356 per
1411 2315 1568 2356 aquas,

90 2381 219 2422 quam
248 2382 327 2422 per
357 2374 512 2406 terras

147 2458 217 2500 33.
255 2461 312 2502 Ut
347 2460 474 2501 liceat
511 2460 746 2517 unicuique
782 2461 898 2501 exile
933 2461 985 2501 de
1024 2477 1158 2519 regno
1189 2470 1230 2502 ct
1264 2461 1425 2513 ledile,
1458 2462 1572 2502 salia

89 2526 174 2567 fide
210 2526 376 2568 domini
414 2528 552 2586 reois,
588 2527 673 2568 nisi
708 2537 906 2585 tempoie
938 2545 1079 2569 11’·6116
1114 2545 1192 2585 pel
1229 2529 1406 2586 aliquod
1442 2530 1572 2571 brexe

88 2605 261 2653 tempus
284 2605 466 2654 proptel
491 2613 763 2638 communem
791 2598 1021 2639 utilitatem
1046 2599 1184 2656 iegni.

149 2690 219 2732 34.
259 2691 305 2732 Si
342 2691 438 2748 quis
479 2700 628 2733 mutuo
664 2691 830 2748 aliquid
870 2693 1087 2749 acceperit
1128 2708 1150 2733 a
1190 2692 1338 2733 Judeis
1372 2693 1470 2750 plus
1506 2694 1573 2735 vel

92 2758 260 2809 minus,
290 2766 334 2799 et
360 2759 569 2800 moriatur
596 2767 830 2816 antequam
857 2758 1053 2800 debitum
1079 2759 1187 2801 illud
1215 2760 1422 2813 solvatur,
1450 2760 1575 2802 debi*
