1796 3153
145 168 182 198 10
475 169 672 200 CHARTES
697 169 775 200 DES
801 160 1012 200 LlssERTF‘JS
1035 169 1273 201 ANGLAISES

147 244 343 286 custodia
370 245 629 286 clericorum
655 245 718 286 vel
745 247 983 302 proborum
1006 247 1230 287 hominum
1257 247 1452 303 ejusdem
1481 248 1621 289 eccle-

148 313 209 353 sie
237 312 500 353 committam
519 346 527 361 ,
556 313 696 354 donec
724 322 872 369 pastor
898 313 1106 354 canonice
1134 314 1438 355 substituatur.

206 381 368 421 Omnes
394 381 642 421 exactiones
671 388 713 421 et
738 380 982 436 injusticias
1005 389 1046 421 et
1072 381 1406 438 mcscheningas
1429 382 1516 423 sive
1544 397 1622 438 per

147 445 424 487 vicecomites
451 447 516 488 vel
548 463 624 503 per
657 446 763 488 alios
797 447 1018 503 quoslibet
1053 447 1160 488 male
1192 447 1392 488 inductas
1427 447 1621 488 funditus

148 512 354 569 exstirpo.
380 515 523 554 Bonas
553 514 671 570 leges
700 522 742 554 et
766 515 966 571 antiquas
989 523 1030 554 et
1047 516 1186 569 justas
1210 514 1552 555 consuetudines
1576 514 1618 554 in

149 579 337 620 murdris
373 589 415 621 et
449 581 621 637 placitis
656 590 696 621 et
737 581 832 621 aliis
869 582 1010 622 causis
1047 582 1288 622 observabo
1326 590 1368 622 et
1400 580 1620 622 observari

148 646 342 703 precipio
363 656 404 688 et
426 649 660 689 constituo.
691 650 777 689 Hcc
803 649 944 688 omnia
971 648 1165 689 concedo
1191 656 1233 689 et
1257 648 1482 697 confirmo,
1507 648 1619 689 salva

151 713 267 771 regia
291 716 462 770 etjusta
486 715 700 773 dignitate
728 731 834 756 mea.

205 782 408 822 'restibus
434 782 654 826 XVillelmo
678 783 980 823 Cantnariensi
1003 782 1351 839 archiepiscopo,
1375 791 1417 824 et
1437 785 1620 839 Hugone

148 848 490 905 Rothomagensi
521 849 878 906 archiepiscopo,
912 857 955 889 ct
983 850 1168 890 ilenrico
1201 850 1497 893 XVintoniensi
1526 850 1620 905 epi-

150 931 306 971 scopo,
351 924 391 956 et
435 917 608 972 Rogcro
657 916 982 957 saresberiensi
1023 917 1254 973 episcopo,
1296 925 1336 957 et
1375 916 1622 958 Alexandro

150 981 448 1023 Lincolniensi
496 982 727 1039 episcopo,
779 992 820 1023 ct
866 983 1039 1040 Nigello
1090 983 1252 1024 Eliensi
1300 984 1532 1040 episcopo,
1581 992 1623 1024 et

154 1049 342 1091 Evrardo
371 1051 641 1091 Norwicensi
671 1051 902 1106 episcopo,
929 1059 971 1090 et
1002 1051 1177 1091 Simone
1204 1051 1502 1108 XVigorniensi
1534 1050 1621 1106 epi-

151 1132 304 1173 scopo,
341 1126 382 1157 ct
424 1117 649 1157 Bernardo
693 1118 901 1173 episcopo
939 1117 991 1158 de
1026 1118 1071 1159 S.
1112 1118 1297 1167 Davide‚
1336 1127 1377 1159 et
1410 1118 1622 1159 Aucloeno

152 1183 409 1225 Ebroicensi
443 1183 673 1240 episcopo,
710 1193 750 1224 et
786 1184 973 1226 Ricardo
1011 1184 1274 1225 Abrincensi
1313 1185 1541 1242 episcopo,
1581 1193 1623 1225 ct

152 1251 343 1292 Roberto
372 1250 698 1291 Herefordieusi
723 1251 950 1308 episcopo,
981 1260 1024 1292 et
1052 1252 1247 1293 Johanne
1274 1252 1621 1294 Rovecestriensi

150 1317 379 1374 episcopo,
405 1326 447 1358 et
473 1318 694 1359 Athelulfo
720 1318 963 1359 Carlolensi
993 1318 1218 1375 episcopo,
1249 1328 1289 1360 et
1320 1321 1492 1376 Rogero
1520 1335 1621 1359 can-

152 1385 351 1435 cellario,
377 1394 417 1426 et
442 1385 629 1426 Henrieo
653 1395 813 1442 nepote
844 1387 974 1443 Regis
990 1420 999 1436 ‚
1025 1395 1066 1427 et
1089 1387 1282 1427 Roberto
1307 1388 1465 1428 comite
1488 1386 1620 1429 Gloe-

152 1453 325 1502 cestrie,
350 1461 391 1493 et
412 1452 634 1496 VVillelmo
654 1453 811 1494 comite
831 1453 883 1493 de
902 1455 1139 1505 XVarenna,
1163 1462 1205 1494 et
1225 1453 1440 1495 Rannulfo
1463 1455 1622 1494 comite

152 1520 335 1567 Cesti-ie,
355 1528 396 1560 et
413 1520 606 1561 Roberto
629 1521 786 1561 comite
808 1520 861 1561 de
883 1522 1136 1571 Vs'arewic„
1158 1530 1200 1562 et
1223 1521 1413 1563 Roberto
1430 1521 1483 1562 de
1498 1522 1617 1572 Ver.,

152 1595 195 1627 et
213 1586 374 1627 Milone
393 1586 447 1627 de
469 1587 729 1636 Glocestria,
750 1596 791 1628 et
813 1587 1012 1628 Brientio
1035 1587 1123 1628 filio
1147 1588 1343 1640 Comitis,
1368 1596 1410 1629 et
1430 1589 1622 1629 Roberto

153 1651 206 1692 de
243 1650 359 1707 Oilly
401 1651 718 1702 conestabulis,
759 1660 801 1692 et
846 1652 1065 1694 willelmo
1097 1652 1322 1700 Martellm
1364 1661 1406 1693 et
1441 1654 1623 1709 Ilugone

152 1719 298 1774 Bigot,
326 1726 369 1758 et
395 1718 619 1759 Hunfredo
645 1719 698 1760 de
719 1720 894 1768 Buhun,
920 1727 961 1759 et
991 1719 1168 1760 Simone
1197 1719 1249 1759 de
1272 1719 1476 1775 Bclcamp
1499 1718 1624 1775 dapi-

155 1784 277 1835 l'cris,
312 1793 355 1826 et
384 1785 606 1829 XYillelmo
638 1786 690 1826 de
722 1786 974 1835 Albinium,
1011 1794 1053 1826 et
1085 1786 1265 1827 Eudone
1294 1786 1492 1827 Mai-tello
1526 1786 1624 1842 pin-

155 1852 342 1902 cernis1‚
376 1861 417 1893 et
450 1853 642 1894 Roberto
672 1853 725 1894 de
756 1854 990 1902 Fcrreriis,
1021 1862 1063 1894 et
1091 1853 1315 1896 XVillelmo
1349 1853 1544 1894 Pevrello
1571 1853 1625 1893 (le

153 1919 462 1976 Notingeham,
476 1928 516 1959 et
532 1920 709 1961 Simone
726 1919 779 1960 de
796 1919 993 1962 Saintliz.
1007 1929 1050 1960 et
1063 1920 1283 1962 &Villelmo
1297 1919 1622 1968 deAlbamarla,

155 1995 197 2026 et
225 1987 396 2042 pagano
425 1986 513 2026 filio
541 1988 772 2035 Johannis,
808 1996 847 2027 ct
882 1989 1074 2028 Hannone
1112 1987 1164 2028 de
1202 1988 1362 2028 Sancto
1398 1987 1547 2036 Claro,
1583 1994 1627 2027 et

156 2053 317 2093 liberto
345 2053 397 2094 de
427 2053 593 2094 Laceio.
636 2054 762 2110 Apud
793 2054 1056 2094 Oxencford.
1090 2055 1216 2094 Anno
1243 2055 1296 2094 ab
1327 2054 1625 2095 incarnatione

155 2121 331 2160 Domini
355 2137 400 2160 M.
427 2136 465 2165 c.
490 2121 631 2169 xxxvi,
661 2129 723 2161 set
751 2120 871 2178 regni
897 2122 979 2161 mei
1006 2121 1193 2177 pri1no2.

200 2229 223 2258 l.
250 2230 293 2259 Le
319 2233 408 2258 texte
430 2230 547 2269 publie
572 2241 635 2269 par
662 2230 784 2260 Blacks
788 2235 865 2260 tone
893 2236 990 2270 porte
1016 2231 1056 2260 ici
1078 2230 1266 2270 pincernis,
1291 2241 1331 2260 en
1357 2235 1468 2260 tontes
1494 2231 1626 2265 lettres,

155 2280 302 2301 comme
322 2273 341 2300 ἐι
357 2270 390 2299 la
410 2271 502 2309 ligne
521 2270 944 2311 1›1ecede111e‚dapiferi.5;
962 2272 991 2301 Ie
1015 2272 1105 2301 fac—s
1110 2272 1201 2300 imile
1224 2282 1288 2312 que
1309 2282 1394 2302 nous
1412 2282 1518 2301 avons
1539 2271 1630 2300 snivi

155 2311 266 2340 donne
281 2322 335 2340 ces
357 2315 443 2340 mots
459 2322 498 2341 en
518 2312 624 2341 ’ὼγόσ
603 2314 654 2351 ge,
672 2312 710 2341 de
726 2312 804 2341 telle
824 2313 974 2342 manicre
989 2323 1033 2352 qu
1047 2323 1089 2342 on
1109 2323 1148 2341 ne
1167 2313 1296 2342 saurait
1313 2313 1386 2342 dire
1405 2323 1419 2341 s
1423 2312 1475 2342 'ils
1491 2312 1629 2342 doivent

156 2354 225 2381 etre
250 2352 313 2381 mis
335 2362 376 2381 au
398 2352 566 2398 singniicr
583 2363 625 2381 οιι
644 2364 686 2382 au
704 2353 841 2392 pluriel.
865 2353 890 2382 ΙΙ
909 2364 949 2382 ne
971 2358 1051 2393 pent
1069 2363 1089 2391 y
1108 2353 1204 2382 axoil
1221 2353 1262 2383 de
1284 2354 1384 2383 doute
1406 2364 1493 2393 pour
1510 2354 1540 2383 le
1560 2356 1629 2382 mot

156 2392 390 2426 conestabalts,
411 2393 466 2432 qui
489 2404 523 2422 cs
510 2394 639 2423 teciit
658 2394 868 2429 conestab'lls
886 2405 926 2423 {W
930 2404 966 2423 ec
987 2404 1050 2423 une
1069 2394 1081 2422 Ι
1097 2394 1228 2423 barre-e.

197 2434 225 2462 2.
250 2433 323 2462 Ala
341 2434 388 2472 pl
380 2445 417 2462 ιι(
422 2444 437 2462 e
455 2433 495 2463 de
513 2444 567 2463 ces
583 2439 702 2474 quatre
721 2419 874 2464 dernier’s
894 2439 994 2470 mots,
1015 2435 1047 2464 la
1064 2435 1160 2474 copie
1179 2434 1219 2464 dc
1238 2436 1370 2464 Ilearne
1385 2434 1630 2475 (Blackstone)

156 2478 278 2513 porte
274 2498 279 2503 .
297 2485 330 2503 ιιι
348 2474 514 2504 communi
530 2475 680 2505 com-ileo.

680 2595 791 2616 NOTES
816 2595 1113 2622 BIOGRAPHIQtES.

200 2659 260 2688 Les·
282 2670 379 2689 noms
399 2661 459 2690 des
479 2661 624 2690 tem-ains
642 2661 682 2690 de
700 2665 786 2691 cette
804 2661 920 2691 charte
939 2667 1086 2701 peuvent
1103 2664 1173 2691 etre
1191 2673 1228 2691 as
1215 2672 1286 2692 soz
1308 2662 1513 2696 sacilement,
1534 2661 1629 2691 sinon

159 2700 312 2739 toujouis
331 2702 399 2731 tres
419 2705 609 2738 statement,
632 2702 801 2732 identifies
823 2706 840 2732 ξι
866 2702 965 2732 laide
986 2702 1026 2733 de
1045 2702 1173 2733 stubbs
1196 2708 1228 2733 ct
1248 2703 1288 2733 de
1309 2703 1474 2743 Dugdale.
1493 2702 1631 2743 Ajoutez
