1796 3153
452 216 775 249 CONFIRMATION
801 216 880 248 DES
905 217 1099 248 CHARTES
1124 216 1230 258 (1301)
1519 218 1576 247 109

223 550 348 596 XVI.
390 578 453 582 —-
490 550 973 596 CONFmMATiON
1014 549 1132 595 DE&
1173 550 1463 595 CHARTES

669 698 744 723 PAR
784 687 975 723 isszooumu)
1011 700 1021 723 1

660 820 721 872 (14
745 819 891 857 sevriel·
915 820 1025 871 1:301)

163 1088 276 1126 Cette
308 1086 425 1124 lettre
456 1094 637 1137 patente,
668 1085 800 1123 munic
830 1088 881 1123 du
906 1087 1034 1137 grand
1067 1100 1183 1123 sceau
1211 1100 1258 1123 en
1285 1085 1366 1123 cire
1391 1086 1579 1129 blanche,

111 1149 238 1186 existe
264 1162 311 1186 en
340 1147 514 1199 original
539 1151 559 1184 ἐι
587 1148 623 1184 la
648 1147 916 1191 Bodleienne,
946 1147 1121 1192 Oxstmd,
1149 1148 1275 1198 parmi
1303 1148 1361 1185 les
1388 1148 1582 1198 Furney's

111 1210 312 1255 charters3
351 1210 425 1247 elle
460 1224 480 1246 a
514 1212 574 1246 ete
611 1210 749 1259 copiee
784 1223 855 1260 par
894 1209 1138 1246 Blackstone
1170 1223 1272 1260 pour
1302 1223 1375 1246 son
1409 1210 1581 1254 edition,

111 1289 150 1325 p.
171 1276 235 1320 85,
260 1288 337 1325 que
363 1288 465 1312 nous
489 1274 797 1325 reproduisons.
823 1275 885 1312 Cf.
906 1278 1074 1311 &aetites
1093 1275 1210 1322 osche
1231 1277 1352 1310 realm
1377 1274 1583 1325 (Charters

111 1345 366 1391 oflil)erties‚
389 1359 428 1396 p.
452 1345 531 1397 44).

173 1574 413 1617 Edwardus
436 1575 516 1616 Dei
536 1574 682 1632 gracia
701 1590 775 1615 rex
793 1574 967 1633 Anglie,
987 1574 1187 1615 dominus
1209 1573 1416 1616 Hibernic
1438 1583 1479 1615 et
1500 1574 1586 1616 dux

113 1643 394 1700 Aquitannie,
420 1642 621 1683 omnibus
643 1642 696 1683 ad
720 1642 835 1699 quod
862 1650 1089 1699 presentes
1117 1642 1261 1683 littere
1288 1642 1582 1699 pervenerint,

115 1710 311 1751 salutem.
353 1709 510 1752 Sciatis
551 1710 667 1767 quod
713 1726 809 1751 cum
850 1726 928 1751 nos
975 1726 1172 1768 magnam
1213 1718 1373 1750 cartam
1420 1710 1585 1751 domini

114 1778 289 1819 Henrici
317 1778 535 1835 quondam
564 1778 679 1835 regis
710 1777 867 1834 Anglie
896 1778 1031 1835 patris
1062 1778 1200 1818 nostri
1227 1778 1280 1818 de
1308 1777 1585 1818 libertatibus

113 1846 270 1904 Anglie
298 1862 380 1887 una
405 1862 501 1887 cum
525 1855 638 1887 carta
665 1845 717 1887 de
744 1846 901 1886 foresta
929 1845 1275 1887 concesserimus
1298 1853 1341 1886 et
1362 1845 1586 1886 confirma-

113 1913 300 1954 verimus
331 1930 377 1954 ac
411 1914 759 1955 innovaverimus
793 1929 872 1970 per
901 1922 1062 1955 cartam
1092 1921 1307 1964 nostram,
1336 1911 1586 1970 preceperi-

115 1997 296 2038 musque
326 1981 443 2038 quod
471 1990 587 2022 carte
624 1982 697 2022 ille
728 1982 771 2022 in
801 1980 985 2039 singulis
1018 1981 1106 2021 suis
1134 1981 1328 2022 articulis
1357 1989 1588 2021 teneantur

115 2058 156 2090 et
181 2048 363 2090 firmiter
385 2050 687 2099 observentur,
711 2048 908 2089 volumus
931 2056 973 2088 et
995 2047 1276 2089 concedimus
1298 2064 1377 2105 pro
1399 2047 1526 2089 nobis
1547 2056 1587 2089 et

115 2117 351 2158 heredibus
380 2118 540 2159 nostris
569 2117 704 2174 quod,
733 2116 767 2157 si
793 2132 876 2174 que
901 2124 1058 2157 statuta
1079 2116 1240 2157 fuerint
1255 2117 1472 2157 contraria
1494 2116 1587 2158 dic-

115 2184 170 2225 tis
197 2184 326 2226 cartis
351 2184 417 2226 vel
444 2185 569 2226 alicui
590 2184 772 2226 articulo
800 2185 843 2225 in
872 2184 1036 2225 eisdem
1061 2184 1189 2225 cartis
1215 2192 1436 2235 contento,
1465 2200 1511 2225 ea
1535 2184 1587 2225 de

116 2251 335 2293 communi
361 2251 544 2293 consilio
576 2252 700 2309 regni
722 2250 860 2293 nostri
887 2251 1014 2292 modo
1041 2250 1189 2292 debito
1216 2251 1502 2293 emendentur
1521 2251 1587 2292 vel

116 2318 252 2360 eciam
285 2319 580 2361 adnullentur.
620 2321 667 2360 In
706 2320 828 2376 cujus
868 2319 930 2360 rei
969 2318 1267 2359 testimonium
1306 2318 1383 2359 has
1420 2318 1586 2359 litteras

116 2396 285 2427 nostras
317 2387 410 2427 fleri
438 2387 617 2428 fecimus
646 2395 861 2444 patentes.
896 2388 1024 2428 Teste
1053 2402 1119 2427 me
1147 2387 1243 2443 ipso
1271 2386 1385 2443 apud
1414 2386 1588 2427 Lincol-

114 2454 229 2495 niam
257 2463 411 2511 quarto
439 2454 608 2495 decimo
641 2454 710 2496 die
743 2453 973 2506 februarii,
1004 2469 1118 2495 anno
1147 2454 1270 2512 regni
1305 2454 1444 2494 nostri
1473 2454 1588 2495 vice-

116 2520 224 2564 simo
250 2538 380 2564 nono.
