1796 3153
189 208 207 236 4
526 208 722 240 CHARTES
746 209 826 240 DES
851 201 1060 240 LIBERTES
1084 209 1321 241 ANGLAISES

191 285 356 341 neptim
378 285 404 334 ¹,
436 285 523 325 sive
553 294 805 343 cognatam,
835 302 1003 327 mecum
1030 287 1133 328 inde
1160 286 1386 343 loquatur3
1418 287 1494 329 sed
1517 303 1657 344 neque

190 368 269 409 ego
295 351 458 408 aliquid
485 351 537 392 de
569 368 646 393 suo
675 369 754 409 pro
776 353 856 393 hac
883 352 1057 394 licentia
1085 353 1318 410 accipiam,
1343 370 1482 411 neque
1508 355 1659 396 defen-

190 418 287 459 dam
308 418 344 458 ei
369 418 474 474 quin
495 434 587 459 eam
610 419 700 468 det,
721 428 904 476 excepto
927 420 962 460 si
981 420 1106 476 ea[m]
1126 420 1257 461 vellet
1273 421 1461 477 jungere
1484 421 1660 462 inimico

192 501 299 526 meo.
323 487 375 525 Et
394 484 445 534 si,
469 494 637 526 mortuo
660 487 823 527 barone
847 486 935 527 sive
953 487 968 513 ‘²
987 487 1071 527 alio
1095 487 1270 527 homine
1289 503 1401 537 meo,
1426 488 1510 529 filia
1530 489 1658 529 heres

190 551 464 595 remanserit.
488 552 605 592 illam
631 553 743 593 dabo
766 553 950 594 consilio
976 555 1188 594 baronum
1214 570 1404 595 meorum
1429 571 1526 596 eum
1544 563 1659 596 terra

190 635 279 659 sua.
299 621 350 659 Et
369 619 420 669 si,
446 628 615 660 mortuo
637 621 728 661 viro
746 621 775 669 3,
802 636 906 661 uxor
929 622 1021 676 ejus
1045 621 1304 661 remanserit
1326 630 1368 662 et
1393 622 1486 662 sine
1508 621 1658 663 liberis

192 687 342 736 suerit,
375 687 522 727 dotem
552 703 668 728 suam
702 696 744 728 et
772 687 1120 728 maritationem4
1144 688 1349 738 habebit3
1383 697 1425 730 et
1455 705 1548 730 eam
1573 705 1658 730 non

192 753 304 793 dabo
329 752 503 802 marito,
528 754 611 794 nisi
637 755 878 795 secundum
901 754 1010 795 velle
1033 770 1170 796 suum.

250 849 291 889 4.
330 849 375 890 Si
395 865 496 889 vero
519 865 624 890 uxor
646 866 742 890 cum
771 850 921 890 liberis
946 850 1218 899 remanserit,
1245 851 1392 891 dotem
1417 851 1594 907 quidem
1618 859 1660 892 et

192 916 505 956 maritationem
527 918 541 943 ἶ)
578 916 757 957 habebit
791 917 891 957 dum
924 933 1082 973 corpus
1127 933 1250 957 suum
1287 917 1481 975 legitime
1517 934 1658 958 serva-

189 983 297 1023 verit
315 982 350 1032 ⁶,
373 991 415 1023 et
435 999 528 1023 eam
553 999 639 1023 non
656 983 784 1030 (labo,
809 977 891 1024 'nisi
911 984 1150 1025 secundum
1171 984 1281 1025 velle
1305 1001 1428 1025 suum
1447 1003 1455 1036 ;
1481 993 1524 1026 et
1543 993 1659 1026 terre

189 1058 231 1090 ct
253 1050 488 1090 liberorum
514 1058 658 1090 custos
682 1051 763 1091 erit
786 1050 874 1091 sive
899 1067 1019 1100 uxor,
1046 1051 1133 1091 sive
1155 1051 1263 1092 alius
1286 1052 1624 1108 propinquarius
1645 1051 1661 1079 7

189 1116 262 1172 qui
294 1117 491 1172 justiusS
529 1133 623 1157 esse
662 1117 834 1158 debeat.
880 1119 933 1158 Et
970 1117 1165 1174 precipio
1202 1118 1320 1174 quod
1354 1119 1539 1159 barones
1576 1119 1659 1159 mei

189 1184 388 1224 similitor
414 1201 457 1224 se
486 1185 739 1225 contineant
770 1201 871 1242 erga
895 1185 1005 1226 filios
1033 1185 1097 1226 vel
1126 1185 1236 1226 filias
1267 1194 1309 1226 et
1341 1201 1496 1227 uxores
1524 1185 1659 1226 homi-

189 1267 290 1292 num
314 1268 504 1292 suorum.

247 1345 287 1385 5.
322 1345 618 1401 Monetagium
650 1361 899 1394 commune,
930 1345 1046 1401 quod
1075 1345 1327 1402 capiebatur
1357 1362 1435 1402 per
1461 1345 1657 1387 civitates

189 1414 261 1452 et9
281 1413 527 1461 comitatus,
553 1412 669 1468 quod
692 1428 777 1452 non
802 1413 881 1452 fuit
901 1421 1098 1468 tempore
1123 1414 1239 1470 regis
1269 1412 1547 1462 Eduuardi10‚
1575 1413 1659 1454 hoc

188 1495 241 1519 ne
274 1479 428 1519 amodo
455 1479 545 1519 sit¹¹
571 1478 749 1519 omnino
772 1479 975 1520 defendo.
1006 1479 1049 1521 Si
1080 1480 1176 1536 quis
1205 1489 1356 1536 captus
1385 1479 1536 1530 suerit,
1572 1479 1659 1520 sive

189 1547 477 1595 monetarius,
520 1546 607 1587 sive
641 1546 772 1600 alius,
818 1563 912 1587 eum
955 1546 1059 1587 salsa
1098 1556 1293 1597 moneta,
1330 1546 1507 1603 =justicia
1543 1555 1657 1588 recta

188 1614 290 1654 inde
314 1614 402 1654 flat.

245 1707 286 1748 6.
326 1709 480 1748 Omnia
516 1707 676 1764 placita
710 1716 751 1748 et
782 1708 926 1748 omnia
956 1707 1103 1748 debita
1134 1723 1216 1764 que
1249 1707 1368 1748 fratri
1399 1723 1493 1748 meo
1524 1707 1658 1748 debe-

189 1776 387 1816 banturff
412 1775 636 1824 condoim,
669 1775 860 1831 exceptis
888 1774 1018 1815 rectis
1045 1774 1179 1815 firmis
1207 1774 1368 1824 meis¹3‚
1401 1783 1443 1815 et
1465 1774 1658 1830 exceptis

188 1842 272 1882 illis
302 1859 384 1899 que
410 1851 533 1899 pacta
561 1850 685 1882 eraut
708 1858 787 1898 pro
815 1841 995 1882 aliorum
1025 1842 1365 1891 hereditatibus,
1399 1841 1464 1882 vel
1491 1857 1568 1897 pro
1597 1841 1658 1881 cis

188 1911 316 1950 rebus
339 1926 420 1965 que
441 1909 599 1965 justius
623 1909 717 1949 aliis
741 1908 1073 1967 contingebant.
1100 1911 1151 1949 Et
1177 1910 1211 1949 si
1235 1910 1331 1965 quis
1355 1913 1464 1965 [pro]
1482 1908 1510 1936 14
1532 1909 1657 1948 here-

283 2081 316 2110 L.
336 2081 373 2110 R.
393 2091 411 2109 a
431 2091 436 2109 :
457 2084 594 2120 neptem.

282 2122 317 2150 L.
335 2122 370 2150 R.
387 2132 405 2150 a
423 2132 428 2150 :
450 2121 508 2155 vel,
525 2126 556 2150 et
573 2121 750 2160 supprime
770 2132 839 2150 meo
858 2122 959 2161 apr'es
975 2120 1116 2151 homine.

283 2163 318 2191 L.
336 2163 373 2191 R.
391 2174 409 2191 a
427 2173 432 2191 ;
449 2162 581 2192 nutrito.

251 2227 256 2231 .
282 2203 316 2231 L.
333 2204 368 2232 R.
388 2214 405 2231 a
423 2213 428 2231 2
449 2203 556 2232 dotem
577 2206 608 2231 et
625 2202 878 2232 maritacionem
897 2214 1004 2232 suam.

282 2244 315 2273 L.
333 2245 371 2273 R.
391 2244 502 2283 ajoute
520 2254 525 2272 z
545 2255 638 2272 suam
657 2248 689 2273 et
706 2245 819 2283 repete
838 2255 922 2273 umor
936 2245 1037 2283 apr'es
1055 2244 1144 2272 dum.

251 2308 256 2312 .
283 2285 317 2313 L.
335 2285 371 2314 R.
392 2296 410 2313 a
432 2295 437 2313 2
457 2284 614 2313 servabit.

249 2348 254 2353 .
282 2325 315 2353 L.
344 2326 382 2354 R.
410 2336 453 2354 a:
481 2325 757 2364 propinquorum.
788 2324 1051 2366 Propinquarilcs
1078 2328 1130 2354 est
1155 2335 1234 2354 sans
1265 2324 1366 2353 doute
1389 2334 1454 2353 une
1482 2324 1657 2354 mauvaise

188 2366 325 2395 lecturo.

226 2408 254 2436 S.
281 2407 315 2435 L.
334 2408 369 2437 R.
391 2418 407 2435 a
426 2418 430 2435 :
447 2407 555 2446 stt-slus
573 2411 604 2435 et
618 2406 749 2436 debebit
770 2417 812 2435 au
830 2407 897 2435 lieu
914 2406 954 2435 de
973 2406 1102 2435 debeat.

225 2450 255 2475 U.
282 2449 316 2476 L.
336 2448 372 2476 R.
391 2447 502 2485 ajoute
523 2458 614 2487 :petz

228 2490 274 2517 10.
303 2489 345 2517 {ci
373 2485 580 2523 et'ailleurs,
612 2488 643 2517 L.
675 2489 712 2518 R.
738 2488 847 2517 donne
872 2498 936 2517 une
967 2489 1072 2516 forme
1102 2487 1161 2527 qui
1188 2489 1302 2526 parait
1326 2486 1406 2525 plus
1434 2487 1622 2526 archa'ique
1647 2497 1652 2516 :

184 2529 384 2558 Eadwardi.

230 2570 275 2599 ll.
302 2570 336 2599 L.
356 2571 391 2599 R.
412 2581 429 2599 a
447 2580 452 2598 :
471 2570 544 2608 fiat.

230 2611 275 2639 12.
305 2611 339 2639 L.
356 2612 393 2640 R.
413 2622 430 2640 a
448 2621 453 2639 ζ
474 2611 644 2640 debentur.

227 2652 276 2680 13.
302 2652 338 2681 L.
359 2652 394 2680 R.
411 2656 501 2680 omvt
520 2661 525 2680 :
549 2652 645 2685 meis,
665 2655 734 2680 mot
750 2651 805 2690 qui
824 2654 876 2679 est
893 2650 1151 2690 indispensable
1170 2660 1213 2679 au
1230 2660 1320 2679 sens.

231 2692 275 2721 14.
301 2693 335 2722 L.
361 2693 398 2722 R.
425 2693 536 2732 ajonte
553 2702 652 2733 :pr0,
672 2692 727 2731 qui
748 2696 799 2721 est
816 2691 1074 2731 iudispensable
1091 2701 1134 2720 au
1153 2701 1241 2727 sens,
1261 2694 1293 2720 et.
1314 2693 1381 2719 met
1403 2689 1536 2729 aliquid
1553 2690 1654 2730 apres

185 2744 270 2773 quzs.

226 2081 255 2353 ”aewwwvre
