1796 3153
342 196 379 225 V.
403 211 444 218 --
467 195 638 226 GRANDE
663 194 833 225 CHARTE
859 194 912 224 DE
937 193 1041 223 JEAN
1068 193 1173 223 SANS
1199 193 1338 224 TERRE
1549 194 1588 222 33

104 272 217 315 diam
243 271 420 313 heredis
442 271 509 313 vel
531 279 646 312 terre
668 271 868 326 alicujus,
894 285 1023 326 quam
1049 278 1169 310 tenet
1197 269 1251 310 de
1280 269 1363 310 alio
1393 285 1470 326 per
1494 286 1585 309 scr-

103 343 261 385 vicium
291 341 498 394 militare,
530 341 761 383 occasione
790 340 974 396 alicujus
1004 355 1134 397 parve
1163 340 1419 395 serjantcric
1457 356 1584 396 quam

104 418 225 452 tenet
251 410 304 451 (16
336 410 461 451 nobis
491 425 570 467 per
597 407 830 450 servicium
860 407 1076 449 reddendi
1108 408 1234 448 nobis
1264 407 1488 458 cultellos,
1520 407 1584 448 vel

105 479 304 537 sagittas,
335 477 401 519 vel
429 476 698 534 hujusmodi.

163 562 232 605 38.
270 563 424 606 Nullus
459 562 642 604 ballivus
681 570 816 618 ponat
862 561 1067 602 dccctero
1115 561 1305 618 aliquem
1349 560 1402 602 ad
1445 560 1586 619 legem

106 630 292 688 simplici
315 630 488 688 loquela
510 645 600 680 sua,
627 628 720 670 sine
742 629 928 670 testibus
952 627 1156 669 fidelibus
1183 628 1237 669 ad·
1264 629 1345 669 hoc
1372 627 1581 670 inductis.

163 723 235 765 39.
271 723 425 766 Nullus
464 722 577 764 liber
614 723 744 764 homo
784 721 996 780 capiatur,
1039 722 1106 764 vel
1144 721 1473 779 imprisonetur,
1520 732 1592 764 aut

106 790 407 844 disseisiatur,
441 799 514 832 aut
548 790 793 848 utlagetur,
824 799 896 832 aut
924 790 1145 841 exuletur,
1181 798 1252 831 aut
1283 789 1430 847 aliquo
1463 790 1591 831 modo

106 859 372 909 destruatur,
410 874 491 900 nec
525 874 657 916 super
691 874 788 900 eum
820 857 1006 910 ibimus,
1037 874 1117 900 nec
1149 874 1280 916 super
1313 874 1411 899 eum
1447 857 1591 899 mitte-

107 943 217 979 mus,
244 927 331 968 nisi
354 942 432 984 per
454 926 595 984 legale
615 925 831 983 judicium
858 926 1028 984 parium
1052 942 1230 968 suorum
1251 925 1317 967 vel
1343 942 1423 983 per
1448 925 1588 985 legem

106 996 264 1036 terre1.

164 1080 236 1122 40.
273 1080 390 1122 Nulli
428 1080 691 1131 vendemus,
742 1079 848 1121 nulli
890 1079 1174 1138 negabimus,
1218 1087 1291 1120 aut
1339 1078 1593 1121 differemus

108 1157 276 1190 rectum
304 1156 378 1189 aut
397 1148 635 1205 justiciam.

165 1243 236 1284 41.
275 1244 438 1284 Omnes
464 1250 730 1283 mercatores
759 1241 949 1283 habeant
981 1241 1145 1282 salvum
1174 1251 1216 1283 et
1245 1258 1446 1284 securum
1476 1243 1592 1284 exire

109 1311 162 1352 de
201 1310 383 1369 Anglia,
427 1319 470 1352 et
507 1309 657 1351 venire
701 1309 743 1350 in
787 1309 1008 1368 Angliam,
1046 1318 1089 1350 ct
1128 1311 1305 1361 morari,
1344 1319 1385 1351 ct
1421 1311 1483 1351 irc
1516 1327 1594 1367 per

108 1378 327 1437 Angliam,
354 1386 442 1419 tam
468 1394 547 1435 per
572 1386 734 1419 terram
757 1393 885 1434 quam
910 1394 989 1434 per
1012 1393 1183 1434 aquam,
1210 1378 1263 1419 ad
1292 1378 1524 1419 emendum
1554 1387 1594 1419 ct

108 1447 403 1498 vendendum,
421 1447 515 1487 sine
534 1445 739 1487 omnibus
759 1445 883 1486 malis
905 1445 1045 1497 toltis,
1064 1462 1143 1503 per
1165 1445 1369 1504 antiquas
1391 1455 1431 1487 et
1455 1456 1595 1488 rectas

111 1514 468 1566 consuetudines,
506 1523 788 1571 preterquam
824 1513 868 1554 in
901 1521 1100 1570 tempore
1136 1530 1323 1571 gwerre,
1360 1523 1402 1555 et
1437 1514 1469 1555 si
1510 1514 1598 1556 sint

110 1582 163 1623 de
187 1591 303 1624 terra
325 1590 477 1624 contra
498 1598 577 1623 nos
597 1581 840 1640 gwerrina3
867 1589 909 1622 et
931 1582 966 1622 si
987 1581 1095 1622 tales
1115 1581 1393 1623 inveniantur
1415 1582 1458 1623 in
1480 1591 1594 1623 terra

111 1658 257 1691 nostra
280 1651 323 1691 in
345 1649 567 1708 principio
589 1665 776 1708 gwerre,
795 1649 1091 1690 attachientur
1115 1649 1208 1690 sine
1231 1650 1421 1707 dampno
1446 1666 1595 1707 corpo-

111 1734 205 1759 rum
232 1726 273 1759 et
302 1734 462 1769 rerum,
495 1717 634 1759 donec
664 1718 826 1758 sciatur
852 1733 874 1758 a
901 1717 1026 1758 nobis
1045 1717 1121 1772 §⁷01
1150 1718 1327 1775 capitali
1350 1718 1596 1774 justiciario

113 1795 260 1828 nostro
304 1786 525 1843 quomodo
562 1793 825 1827 mercatores
865 1793 979 1826 terre
1023 1794 1171 1827 nostre
1212 1794 1473 1837 tractentur,
1523 1788 1596 1844 qui

112 1862 215 1895 tunc
240 1854 519 1895 invenientur
549 1854 593 1895 in
619 1862 736 1895 terra
766 1862 918 1895 contra
945 1869 1022 1894 nos
1054 1854 1299 1911 gwerrina3
1326 1863 1367 1896 et
1395 1855 1430 1896 si
1458 1855 1594 1896 nostri

114 1922 217 1963 salvi
244 1921 332 1963 sint
357 1921 436 1973 ibi,
461 1921 532 1963 alii
562 1922 667 1963 salvi
697 1921 784 1963 sint
809 1921 853 1962 in
882 1930 996 1963 terra
1026 1931 1190 1964 nostra.

173 2016 244 2058 42.
285 2018 433 2057 Lc'ceac
473 2019 703 2074 unicuique
736 2018 929 2058 deeetero
964 2020 1083 2058 emir&
1115 2018 1165 2058 (Ze
1199 2034 1330 2075 regno
1360 2028 1528 2070 nostro,
1561 2026 1598 2059 ec

117 2085 272 2136 redire,
302 2085 422 2126 salvo
447 2093 487 2126 et
512 2100 677 2135 secure,
702 2101 784 2141 per
809 2094 971 2125 terram
999 2094 1037 2124 ec
1054 2101 1136 2141 put·
1160 2101 1339 2143 aquam,
1364 2086 1488 2128 salva
1511 2087 1599 2141 fide

116 2161 282 2204 nostra,
299 2155 382 2193 nisi
398 2161 588 2210 tempore
600 2168 865 2210 gwerreper
884 2152 1064 2210 aliquod
1079 2153 1200 2193 breve
1219 2162 1400 2211 tempus,
1417 2164 1599 2212 propter

116 2236 382 2261 communem
410 2220 636 2261 utilitatem
663 2222 800 2277 regni,
828 2222 1015 2276 acceptis
1043 2222 1337 2277 imprisonatis
1364 2232 1403 2262 et
1430 2222 1598 2280 utlaga-

118 2289 170 2328 tis
197 2288 431 2328 secandune
455 2287 587 2346 legem
611 2290 744 2345 regni,
773 2297 811 2328 et
827 2297 954 2345 gente
972 2289 1022 2329 cle
1042 2297 1162 2329 terra
1184 2298 1337 2329 contra
1359 2306 1435 2330 nos
1454 2306 1599 2347 gwer-

118 2359 234 2407 rina,
259 2364 299 2396 et
325 2356 661 2408 mercatoribus,
691 2356 742 2396 de
769 2356 924 2413 quibus
950 2355 1033 2411 siat
1056 2359 1166 2397 sicut
1183 2357 1431 2414 predictum
1461 2366 1537 2398 esc.

177 2447 248 2489 43.
285 2449 330 2490 Si
363 2447 460 2506 quis
493 2447 687 2489 tenuerit
718 2448 771 2489 de
802 2448 945 2506 aliqua
978 2450 1174 2501 eskaeta,
1207 2450 1319 2491 sicut
1350 2451 1404 2492 (16
1432 2452 1600 2493 honore

161 2559 190 2588 1.
216 2559 259 2589 Le
274 2559 324 2589 roi
341 2559 452 2590 s'etait
466 2559 542 2599 dejz‘i
557 2561 695 2590 execute
711 2570 769 2590 sur
783 2564 835 2589 cet
853 2560 972 2590 article
989 2565 1092 2591 avant
1109 2561 1142 2590 la
1162 2561 1298 2592 Grande
1316 2562 1452 2598 Charte,
1471 2573 1602 2593 comme

121 2600 152 2629 le
168 2610 298 2640 prouve
315 2611 380 2630 une
400 2600 518 2631 charte
536 2601 580 2631 du
603 2602 640 2630 '10
662 2601 730 2631 mai
752 2601 830 2631 1215
849 2602 986 2641 publice
1005 2613 1048 2631 au
1066 2602 1229 2632 Nom-cau
1247 2603 1384 2643 Rymer,
1408 2604 1432 2640 I,
1459 2604 1524 2634 128.
1552 2604 1602 2634 On

120 2651 142 2681 y
158 2641 199 2671 lit
216 2652 221 2671 :
243 2653 257 2670 «
276 2642 400 2672 Sciatis
418 2652 480 2672 nos
502 2642 713 2672 concessisse
736 2642 927 2672 baronibus
949 2643 1077 2673 nostris
1096 2643 1153 2683 qui
1171 2648 1291 2673 contra
1310 2655 1372 2674 nos
1393 2649 1490 2683 sunt,
1513 2645 1604 2685 quod

122 2692 182 2711 nec
200 2693 255 2712 eos
274 2694 335 2713 nec
353 2683 508 2713 homines
527 2695 607 2713 suos
625 2684 802 2724 capiemus
820 2694 880 2713 nec
902 2684 1153 2721 dissaisiemus,
1175 2696 1234 2715 nec
1254 2696 1358 2726 super
1379 2697 1435 2716 eos
1455 2696 1516 2726 per
1534 2686 1604 2716 vim

122 2723 177 2753 vel
195 2734 256 2763 pcr
276 2735 372 2771 arma
392 2724 532 2760 ibimus,
556 2725 622 2755 nisi
644 2735 706 2765 per
727 2725 838 2765 legem
859 2725 957 2766 regni
979 2726 1099 2763 nostri,
1123 2726 1175 2756 vel
1197 2737 1258 2766 per
1276 2727 1444 2767 judiciuin
1467 2727 1604 2767 parium

124 2774 264 2794 suorum
282 2776 315 2795 111
335 2766 429 2795 curia
448 2771 563 2796 nostra
572 2790 630 2796 .....
653 2778 666 2795 »

230 2825 259 2848 C.
283 2824 407 2849 Bilisrox’r.
427 2839 460 2844 -·
476 2826 582 2850 slim-lew
597 2826 639 2850 des
655 2825 754 2850 libertus
769 2826 907 2859 anglais-ex.
1520 2830 1535 2851 :5
