1796 3153
254 215 292 243 28
589 213 785 244 CHARTES
808 213 887 245 DES
912 205 1123 244 LIBERTES
1146 213 1385 244 ANGLAISES

255 288 328 329 ille
350 288 691 330 destructionem
717 289 770 330 de
793 289 992 330 custodia
1015 289 1166 330 fecerit
1188 289 1255 330 vel
1278 299 1460 339 vastum,
1480 307 1558 332 nos
1579 292 1631 332 ab
1652 291 1727 333 illo

256 355 477 412 capiemus
505 356 749 405 emendam,
781 365 820 397 et
852 365 967 397 terra
995 357 1290 397 committatur
1317 357 1486 398 duobus
1514 358 1728 415 legalibus

256 430 297 463 et
319 422 520 463 discretis
543 422 796 463 hominibus
822 423 874 463 de
899 423 1025 463 feodo
1049 422 1140 473 illo,
1166 424 1240 480 qui
1262 423 1315 464 de
1338 423 1526 465 exitibus
1551 440 1729 482 respon·

256 489 387 530 deant
414 488 540 529 nobis
567 489 634 529 vel
662 489 699 530 ei
730 489 798 530 cui
826 505 900 530 eos
925 491 1317 546 assignaverimus;
1346 499 1388 531 et
1413 490 1447 531 si
1480 491 1729 532 dederimus

252 556 320 596 vel
341 555 666 596 vendiderimus
691 556 819 597 alicui
844 556 1084 598 custodiam
1107 557 1287 613 alicujus
1312 557 1410 599 talis
1435 567 1566 609 terre,
1595 567 1637 600 et
1657 558 1729 600 ille

256 622 601 663 destructionem
625 623 725 664 inde
751 623 900 664 fecerit
926 624 991 664 vel
1016 633 1199 674 vastum,
1223 624 1391 665 amittat
1419 626 1556 682 ipsam
1584 634 1730 667 custo-

257 689 387 738 diam,
426 698 468 730 et
500 690 695 730 tradatur
731 690 902 731 duobus
933 690 1145 748 legalibus
1174 699 1215 732 et
1245 691 1446 732 discretis
1477 692 1730 733 hominibus

257 756 309 797 de
340 756 467 797 feodo
500 756 575 798 illo
603 758 678 814 qui
707 757 908 798 similiter
935 757 1062 799 nobis
1089 758 1384 815 respondeant
1415 759 1527 800 sicut
1553 759 1729 816 predic-

255 831 346 864 tum
379 831 459 864 est.

315 926 353 967 5.
392 927 550 967 Custos
593 934 758 975 autem,
806 927 1012 983 quamdiu
1061 927 1303 969 custodiam
1344 937 1459 969 terre
1499 929 1726 980 habuerit,

256 1001 472 1034 sustentet
505 994 674 1044 domos,
716 1009 894 1050 parcos,
933 995 1118 1046 vivaria,
1161 1003 1337 1053 stagna,
1382 995 1651 1046 molendina,
1689 1004 1733 1037 et

256 1069 399 1101 cetera
433 1060 485 1100 ad
517 1060 821 1100 terramillam
849 1062 1136 1116 pertinencia,
1167 1062 1219 1102 de
1252 1061 1439 1102 exitibus
1467 1071 1582 1103 terre
1614 1064 1730 1118 ejus-

256 1128 376 1176 dem3
407 1135 447 1167 et
478 1126 632 1167 reddat
659 1127 827 1175 heredi,
860 1143 955 1168 cum
989 1128 1042 1168 ad
1070 1128 1242 1185 plenam
1273 1138 1431 1169 etatem
1463 1131 1726 1185 pervenerit,

254 1203 413 1234 terram
453 1210 572 1234 suam
609 1202 743 1234 totam
777 1195 1059 1235 instauratam
1098 1195 1150 1236 de
1188 1195 1354 1236 carucis
1393 1205 1430 1236 et
1463 1200 1727 1254 waynagiis,

254 1261 486 1301 secundnm
539 1261 655 1318 quod
697 1270 863 1318 tempus
911 1265 1136 1319 waynagic'
1175 1266 1315 1320 naviget
1355 1273 1394 1304 et
1435 1268 1575 1305 esicus
1619 1274 1731 1304 terre

256 1328 584 1368 racionabiliter
599 1337 807 1384 poterunt
830 1333 1061 1369 sustinere.

313 1419 354 1460 6.
392 1420 585 1461 Heredes
613 1422 870 1462 maritentur
896 1422 1061 1479 absque
1089 1422 1463 1480 disparagacione‚
1495 1426 1552 1463 ita
1583 1433 1726 1464 tamen

259 1487 388 1544 quod,
416 1497 647 1545 antequam
672 1489 960 1529 contrahatur
983 1493 1322 1538 ηιαίνὶιηοηίιυη,
1350 1491 1602 1530 ostendatur
1618 1507 1724 1546 pro-

255 1556 431 1611 pinquis
452 1555 502 1594 de
524 1557 900 1612 consanguinitate
924 1558 1058 1612 ipsius
1082 1556 1265 1596 heredis.

318 1647 356 1688 7.
394 1647 532 1689 Vidua
566 1657 665 1704 post
696 1657 877 1689 mortem
912 1649 1052 1689 mariti
1083 1649 1146 1689 sui
1177 1650 1321 1690 statim
1353 1658 1393 1690 et
1423 1649 1515 1690 sine
1544 1649 1730 1690 difficul-

256 1722 345 1755 tate
375 1715 535 1755 habeat
568 1715 843 1772 maritagium
878 1725 919 1756 et
953 1716 1240 1757 hereditatem
1275 1732 1409 1765 suam,
1450 1733 1528 1757 nec
1565 1717 1730 1772 aliquid

258 1781 332 1821 det
355 1797 434 1837 pro
460 1781 560 1822 dote
585 1798 674 1831 sua,
702 1782 769 1822 vel
795 1798 874 1838 pro
898 1782 1124 1840 maritagio
1154 1799 1245 1833 suo,
1275 1783 1339 1823 vel
1364 1783 1606 1823 hereditate
1636 1799 1727 1832 sua,

258 1863 387 1904 quam
412 1848 700 1889 hereditatem
724 1850 902 1889 maritus
930 1865 1031 1889 suus
1059 1858 1100 1889 ct
1125 1850 1215 1905 ipsa
1244 1851 1466 1890 tenuerint
1490 1850 1559 1890 die
1585 1850 1728 1890 obitus

257 1914 395 1970 ipsius
419 1915 575 1964 mariti,
603 1924 645 1956 et
667 1924 835 1956 maneat
859 1917 902 1956 in
928 1917 1057 1956 domo
1084 1917 1223 1956 mariti
1250 1916 1315 1956 sui
1342 1932 1420 1972 per
1441 1915 1728 1972 quadraginta

259 1981 352 2022 dies
374 1990 473 2038 post
496 1990 677 2022 mortem
700 1983 855 2038 ipsius,
883 1983 992 2022 infra
1013 1998 1121 2039 quos
1146 1982 1392 2039 assignetur
1414 1983 1451 2023 ei
1475 1982 1552 2023 dos
1577 1998 1666 2023 sua.

314 2084 358 2126 8.
393 2086 520 2127 Nulla
566 2086 694 2127 vidua
744 2087 1032 2143 distringatur
1078 2087 1130 2127 ad
1177 2103 1221 2127 sc
1268 2087 1578 2135 maritandum,
1625 2086 1726 2126 dum

255 2153 441 2194 voluerit
476 2154 617 2193 vivere
657 2154 749 2193 sine
790 2153 965 2202 marito,
1006 2153 1060 2193 ita
1104 2162 1245 2194 tamen
1291 2153 1407 2209 quod
1453 2154 1728 2194 securitatem

257 2219 385 2259 faciat
405 2220 521 2276 quod
545 2236 588 2260 se
610 2236 697 2260 non
722 2219 941 2260 maritabit
964 2220 1056 2260 sine
1081 2236 1259 2260 assensu
1283 2228 1448 2268 nostro,
1469 2220 1503 2259 si
1525 2219 1578 2259 de
1600 2218 1727 2259 nobis

256 2285 460 2335 tenuerit,
490 2286 556 2327 vel
579 2287 671 2327 sine
698 2303 878 2327 assensu
900 2286 1065 2327 domini
1094 2288 1157 2327 sui
1187 2287 1239 2326 de
1267 2302 1353 2342 quo
1380 2285 1583 2336 tenuerit,
1615 2286 1647 2325 si
1674 2284 1726 2325 de

257 2352 339 2393 alio
366 2353 572 2394 tenuerit.

313 2445 354 2486 9.
392 2447 481 2487 Nec
513 2462 592 2486 nos
628 2462 707 2487 nec
740 2446 886 2487 ballivi
918 2446 1056 2487 nostri
1089 2447 1314 2486 seisiemus
1345 2454 1505 2486 terram
1539 2445 1726 2500 aliquam

257 2528 336 2552 nec
368 2512 584 2553 redditum
616 2529 694 2569 pro
726 2513 875 2553 debito
904 2513 1065 2569 aliquo,
1099 2512 1302 2568 quamdiu
1335 2511 1486 2552 catalla
1513 2510 1725 2551 debitoris

257 2579 475 2619 sufficiunt
498 2579 550 2619 ad
569 2579 763 2620 debitum
782 2579 1052 2620 reddendum
1071 2597 1079 2628 3
1102 2595 1181 2619 nec
1201 2579 1335 2635 plegii
1354 2579 1489 2634 ipsius
1513 2578 1724 2618 debitoris

256 2645 575 2704 distringantur
596 2645 801 2702 quamdiu
827 2647 919 2702 ipse
944 2645 1142 2701 capitalis
1160 2645 1333 2685 debitor
1355 2644 1515 2684 sufficit
1538 2644 1591 2684 ad
1613 2644 1724 2684 solu-

256 2712 426 2752 cionem
449 2711 612 2761 debiti;
643 2720 685 2753 et
713 2713 747 2752 si
773 2712 970 2769 capitalis
996 2711 1172 2752 debitor
1196 2711 1406 2752 defecerit
1435 2710 1476 2750 in
1503 2709 1724 2751 solucione
