1796 3153
275 211 313 241 18
610 211 806 243 CHARTE'S
830 213 910 243 DES
933 204 1143 244 LIBERTES
1168 212 1402 244 ANGLAISES

274 286 361 329 rint
389 287 482 329 sine
510 289 664 329 marito
690 290 854 339 vivere,
882 290 939 330 ita
969 298 1111 331 tamen
1140 291 1256 346 quod
1283 291 1560 332 securitatem
1588 290 1748 332 facient

276 355 393 411 quod
438 371 525 397 non
568 356 832 396 maritabunt
868 372 912 397 se
955 357 1048 397 sine
1083 372 1262 397 assensu
1302 357 1437 414 regis,
1480 357 1514 398 si
1554 357 1608 399 de
1646 373 1747 415 rege

275 430 467 474 teneant,
491 423 557 464 vel
581 422 858 464 dominorum
882 440 1056 464 suorum
1083 424 1136 464 de
1161 424 1318 480 quibus
1344 432 1509 465 tenent.

335 516 403 558 18.
438 518 502 559 Ne
534 517 884 558 constabularius
914 517 979 557 vel
1012 517 1119 557 alius
1148 516 1331 557 ballivus
1359 517 1502 573 capiat
1527 517 1654 558 blada
1681 517 1747 558 vel

274 583 355 624 alia
378 584 544 636 catalla,
571 584 655 625 nisi
681 584 824 625 statim
848 585 1049 625 denarios
1072 583 1174 624 inde
1200 583 1367 634 reddat,
1395 584 1476 624 nisi
1501 593 1747 641 respectum

273 651 436 692 habere
455 652 593 708 possit
617 652 670 692 de
689 652 909 692 voluntate
932 651 1187 692 venditoris.

335 745 401 786 19.
439 746 502 786 Nc
525 744 872 785 constabularius
898 744 1036 800 possit
1061 743 1325 801 distringere
1351 744 1539 801 aliquem
1566 743 1747 785 militem

274 813 328 854 ad
358 812 547 853 dandum
573 811 775 852 denarios
807 828 885 868 pro
917 811 1113 852 custodia
1143 812 1297 863 castri,
1331 812 1366 852 si
1393 811 1577 852 voluerit
1608 811 1746 852 facere

276 879 519 922 custodiam
547 879 663 919 illam
698 879 739 919 in
771 877 947 935 propria
976 894 1160 935 persona
1190 879 1256 919 vel
1290 895 1368 935 per
1400 878 1530 919 alium
1561 879 1747 935 probum

274 947 512 997 hominem,
548 946 582 986 si
616 946 710 1003 ipse
742 962 833 987 eam
869 946 1007 986 facere
1041 961 1127 987 non
1161 946 1301 1002 possit
1334 962 1411 1003 per
1445 945 1747 987 rationabilem

275 1030 472 1064 causam3
503 1022 543 1054 et
570 1013 604 1054 si
628 1029 701 1054 rex
728 1030 824 1054 eum
847 1014 1020 1054 duxerit
1044 1015 1087 1055 in
1114 1015 1393 1066 excercitum,
1417 1015 1471 1055 sit
1493 1014 1666 1071 quietus
1694 1013 1746 1054 de

275 1082 472 1124 custodia
495 1081 732 1122 secundum
759 1081 1044 1137 quantitatem
1066 1083 1295 1138 temporis.

332 1175 402 1217 20.
439 1176 502 1217 Ne
529 1175 795 1225 vicecomes,
833 1175 900 1216 vel
931 1175 1113 1216 ballivus
1145 1176 1283 1233 rogis,
1319 1174 1385 1216 vel
1418 1174 1574 1232 aliquis
1606 1174 1743 1226 alius,

275 1243 417 1299 capiat
447 1258 582 1298 equos
612 1242 677 1283 vel
707 1251 893 1283 carettas
922 1243 1103 1299 alicujus
1130 1242 1258 1284 liberi
1284 1242 1473 1284 hominis
1504 1259 1582 1300 pro
1609 1241 1745 1284 caria-

274 1309 346 1366 gio
372 1308 590 1361 faciendo,
617 1309 700 1350 nisi
722 1326 774 1350 ex
799 1310 1019 1351 voluntate
1042 1310 1196 1366 ipsius.

331 1401 403 1443 21.
439 1403 502 1444 Ne
538 1418 612 1443 rex
643 1402 708 1443 vel
739 1403 922 1443 ballivus
952 1419 1053 1444 suus
1087 1403 1227 1459 capiat
1255 1402 1440 1444 alienum
1475 1404 1655 1444 boscum
1690 1402 1742 1442 ad

273 1478 413 1510 castra
443 1469 510 1510 vel
544 1469 597 1510 ad
631 1469 713 1510 alia
747 1470 914 1528 agenda
952 1486 1044 1522 sua,
1083 1471 1167 1511 nisi
1199 1487 1278 1527 per
1307 1470 1572 1512 voluntatem
1605 1469 1742 1527 ipsius

273 1539 395 1594 cujus
424 1537 581 1578 boscus
609 1537 682 1578 ille
710 1537 854 1578 fuerit.

331 1629 401 1671 22.
437 1632 501 1673 Ne
530 1647 603 1672 rex
629 1639 776 1672 teneat
809 1639 967 1672 terram
999 1647 1149 1673 eorum
1182 1632 1255 1688 qui
1285 1632 1444 1673 fuerint
1475 1630 1661 1673 convicti
1689 1630 1742 1671 de

272 1698 446 1749 felonia,
477 1697 560 1739 nisi
585 1715 663 1755 per
689 1714 822 1739 unum
845 1715 1005 1740 annum
1030 1707 1072 1740 et
1096 1715 1227 1740 unum
1251 1699 1379 1750 diem,
1409 1699 1486 1740 sed
1509 1707 1613 1740 tunc
1642 1697 1742 1739 red-

272 1765 398 1806 datur
421 1765 598 1807 domino
623 1766 752 1807 feodi.

329 1858 398 1899 23.
436 1860 493 1901 Ut
525 1874 675 1900 omnes
713 1859 865 1900 kidelli
901 1859 955 1900 de
992 1867 1138 1900 cetero
1171 1859 1346 1916 penitus
1379 1860 1656 1917 deponantur
1689 1859 1742 1900 de

256 1925 460 1975 ⁴Tamisia
484 1935 526 1967 et
552 1926 804 1983 Medeweye
826 1934 868 1967 et
888 1943 965 1983 per
988 1935 1122 1968 totam
1143 1927 1362 1985 Angliam.

330 2019 399 2061 24.
437 2021 500 2062 Ne
520 2021 649 2061 breve
666 2020 782 2076 quod
798 2029 974 2061 vocatur
993 2038 1013 2060 «
1033 2022 1215 2078 Precipe
1233 2038 1254 2060 »
1281 2021 1333 2062 de
1357 2029 1501 2062 cetero
1519 2020 1590 2062 fiat
1612 2019 1740 2062 alicui

272 2087 326 2128 de
354 2087 498 2144 aliquo
524 2095 774 2128 tenemento
801 2088 914 2128 uude
939 2088 1050 2128 liber
1075 2088 1205 2129 homo
1230 2089 1397 2129 amittat
1418 2089 1581 2129 curiam
1601 2104 1736 2129 suam.

331 2189 402 2231 25.
439 2189 485 2232 Si
519 2191 615 2247 quis
651 2190 779 2232 suerit
812 2191 1057 2232 disseisitus
1085 2192 1148 2231 vel
1177 2192 1461 2249 prolongatus
1489 2207 1568 2248 per
1594 2207 1740 2248 regem

273 2257 365 2298 sine
394 2256 554 2313 juditio
589 2258 641 2298 de
677 2259 827 2308 terris,
862 2258 1161 2308 libertatibus,
1192 2267 1234 2299 et
1259 2260 1354 2314 jure
1389 2274 1489 2309 suo,
1525 2258 1668 2299 statim
1699 2262 1740 2300 ei

272 2325 549 2374 restituatur3
574 2334 615 2366 et
643 2326 677 2365 si
703 2325 927 2366 contentio
955 2341 1085 2382 super
1113 2327 1195 2366 hoc
1223 2333 1315 2366 orta
1339 2326 1484 2375 fuerit,
1511 2333 1613 2366 tunc
1635 2324 1739 2366 inde

272 2391 530 2448 disponatur
556 2392 854 2448 Perjuditium
882 2410 991 2434 ..xxxx
1017 2394 1245 2443 baronum,
1265 2402 1306 2434 et
1331 2401 1375 2433 ut
1399 2392 1462 2433 illi
1485 2392 1559 2449 qui
1581 2393 1741 2434 fuerint

271 2458 481 2499 dissaisiti
505 2474 582 2515 per
602 2467 767 2516 patrem
795 2460 861 2500 vel
885 2460 1058 2501 fratrem
1087 2461 1217 2517 regis,
1240 2469 1403 2501 rectum
1431 2461 1621 2500 habeant
1644 2459 1739 2500 sine

271 2524 480 2566 dilatione
507 2541 585 2581 pcr
608 2526 813 2582 juditium
841 2528 1010 2583 parium
1044 2543 1219 2568 suorum
1247 2527 1290 2567 in
1318 2528 1435 2568 curia
1461 2527 1603 2585 regis;
1633 2535 1677 2568 et
1703 2527 1739 2568 si

272 2608 346 2632 rex
367 2593 523 2633 debeat
542 2593 702 2633 habere
721 2593 954 2634 terminum
976 2594 1157 2635 aliorum
1183 2610 1310 2635 cruce
1332 2594 1617 2652 signatorum,
1635 2603 1738 2635 tunc

271 2659 627 2716 archiepiscopus
659 2669 699 2700 et
728 2661 924 2717 episcopi
951 2661 1108 2702 faciant
1134 2662 1233 2702 inde
1255 2661 1462 2718 juditium
1491 2661 1543 2702 ad
1571 2669 1737 2703 certum

272 2725 402 2778 diem,
431 2726 722 2783 appellatione
750 2736 928 2769 remota.
