1796 3153
618 220 746 255 INDEX
768 225 1098 258 ALPHABETICUS
1531 233 1588 264 129

115 417 286 448 vacances
313 418 603 458 ecclesiastiques.
630 419 660 453 9,
680 417 715 447 21
740 417 816 458 (43).

113 467 260 498 Vadium
281 468 373 498 dare.
397 471 414 498 5
433 467 489 509 (8).

114 517 281 548 Varenne.
343 517 818 548 Omonville-sur-Varenne

155 567 237 608 (auj.
265 567 388 597 riviere
414 568 605 608 d'Arques),
634 567 714 608 plus
740 566 817 596 tard

154 617 424 655 Belleneombre,
454 618 602 648 hameau
631 617 671 647 de
701 616 817 647 Saint—

154 666 495 698 Martin-Omonville
524 666 717 707 (Seine-Inf.
747 676 815 695 arr.

156 716 196 746 de
215 717 440 757 Neufchfitel).
459 717 540 758 Voy.
557 716 764 748 Guillaume.

114 764 269 796 vastum.
303 767 340 796 27
371 767 429 808 (4),
458 768 497 797 49
523 766 578 808 (4),
609 768 648 796 66
677 766 733 807 (4),
760 767 817 796 107

155 815 233 856 (18).

113 864 267 895 Vautort.
286 866 368 906 Voy.
386 865 527 897 Renaud
545 865 596 895 de.

112 914 269 945 venacio.
289 917 326 946 67
346 915 388 954 (8,
409 916 472 956 10),
490 917 528 945 69
545 915 623 956 (16).

113 964 264 995 Vendere
280 965 350 1005 jus.
375 966 412 995 19
431 965 509 1007 (30),
534 966 571 995 33
587 965 664 1006 (40),
682 967 720 995 55
738 964 815 1005 (40).

112 1014 206 1052 Vere,
240 1015 316 1045 Ver.
344 1015 511 1055 (Manche,
547 1026 613 1045 arr.
657 1015 698 1045 de
727 1015 816 1045 Cou—

152 1068 281 1102 tances,
301 1076 329 1096 c.
358 1066 398 1095 de
415 1065 564 1106 Gavray,
583 1077 626 1095 au
646 1066 818 1095 confluent

151 1114 210 1145 des
223 1115 402 1146 ruisseaux
416 1116 456 1146 de
469 1116 591 1146 Sienne
603 1119 635 1146 et
649 1115 812 1156 d'Airou).

150 1165 232 1206 Voy.
260 1166 379 1203 Aubri,
400 1166 537 1197 Robert.

111 1215 231 1256 Verge.
258 1216 328 1246 103.

109 1265 221 1295 Veteri
239 1270 341 1306 ponte
357 1265 435 1307 (de).
454 1267 533 1307 Voy.
556 1266 691 1307 Vipont.

109 1315 316 1346 vicecomes.
340 1316 492 1347 Vicomte
512 1316 669 1358 (she'riff).
690 1317 726 1346 17
750 1316 812 1355 (14,

111 1500 338 1541 Wainagium.
377 1500 630 1541 Wainnagium.
669 1502 707 1530 20
736 1502 810 1541 (35),

149 1552 187 1581 28
208 1550 265 1591 (5),
285 1552 323 1580 30
339 1550 416 1591 (20),
432 1552 469 1580 52
488 1551 566 1592 (14).

108 1593 310 1631 wallenses.
323 1601 358 1631 2⁴1
372 1601 448 1642 (44),
462 1602 500 1631 36
515 1600 579 1641 (56,
593 1602 656 1642 57),
670 1603 707 1631 57
720 1606 809 1631 note.

111 1651 231 1681 wallia
257 1650 410 1692 (Galles).
440 1651 474 1680 21
501 1651 563 1691 (44,
590 1650 654 1692 45),
682 1653 720 1681 36
746 1651 809 1692 (56,

147 1701 211 1742 58),
227 1702 264 1731 57
282 1705 370 1731 note.

106 1751 227 1782 Wallie
244 1751 308 1781 lex.
325 1752 361 1781 21
378 1751 454 1793 (44),
477 1753 516 1781 36
533 1751 610 1792 (56).

105 1801 340 1842 Walingeford
389 1800 654 1842 (Wallingford,
701 1804 810 1832 comte

147 1851 188 1881 de
214 1851 345 1892 Berks).
377 1851 492 1881 Honor
521 1851 573 1881 de.
601 1852 639 1881 20
667 1852 743 1894 (36),
772 1853 810 1882 34

147 1901 224 1943 (43),
246 1903 284 1931 56
301 1901 376 1942 (31).

148 1968 184 1974 —
228 1951 372 1981 chaiteau
390 1951 442 1981 de.
460 1951 509 1981 11.

104 2001 288 2032 Walterus.
304 2002 385 2042 Voy.
402 2001 554 2032 Gautier.

105 2051 285 2082 Waltheof.
305 2053 333 2082 7.

104 2101 378 2142 Wapentakium.
400 2102 435 2132 31
455 2103 529 2140 (25).

103 2152 282 2182 Warenna.
301 2152 384 2192 Voy.
400 2152 566 2181 Varenne.

102 2202 268 2232 Warenne
280 2201 486 2243 (garennes).
499 2201 752 2232 Warennarius.
769 2204 807 2232 34

144 2251 220 2293 (48),
237 2253 274 2281 58
288 2256 377 2288 note,
396 2253 433 2282 67
455 2252 532 2293 (17).

101 2300 217 2331 Warin
232 2301 452 2332 Fils-Gerold.
478 2303 527 2337 26,
546 2303 598 2332 40.

101 2351 282 2388 Warwick,
297 2356 406 2382 comte
421 2351 473 2381 de.
490 2352 571 2392 Voy.
594 2351 804 2388 Hen1·i,.lean

142 2402 182 2431 de
199 2402 338 2439 Plessis,
359 2403 497 2432 Robert.

100 2451 394 2482 westmonasterii
444 2452 564 2482 abbas.
618 2452 712 2482 Abbe
765 2452 805 2482 de

139 2502 389 2532 Westminster.
437 2503 520 2542 Voy.
568 2502 718 2532 Richard
765 2502 805 2532 de

141 2551 306 2592 Barking.

100 2735 200 2773 York,
221 2733 315 2767 arch.
339 2736 390 2767 de.
414 2736 497 2776 Voy.
524 2734 666 2774 Gerard,
689 2735 740 2766 ev.
767 2736 808 2765 de

141 2786 319 2818 Hereford.

928 419 989 459 15),
1012 421 1047 449 18
1066 421 1142 461 (21)),
1168 422 1202 450 21
1227 422 1303 461 (42),
1326 425 1362 452 27
1380 423 1436 463 (4),
1453 425 1491 454 29
1509 424 1585 466 (14),

926 470 961 498 31
988 469 1050 509 (24,
1068 471 1129 510 26),
1156 472 1193 500 33
1214 471 1290 511 (36),
1315 475 1348 502 31
1370 475 1445 514 (48),
1471 475 1509 503 49
1530 475 1585 513 M„

926 520 963 547 52
982 519 1043 559 (17,
1066 520 1125 560 18),
1148 523 1185 549 53
1203 521 1278 562 (21),
1305 524 1340 551 57
1368 524 1442 561 (35),
1467 525 1504 553 97
1529 525 1585 563 (l),

927 567 996 603 100,
1019 569 1087 605 101,
1112 570 1165 599 104
1184 571 1226 611 (8,
1246 573 1364 609 9),106
1388 572 1515 612 (12,13,
1539 575 1584 611 16,

927 618 1027 658 note).

886 666 1006 697 Vidua.
1024 668 1060 697 16
1075 668 1131 709 (4),
1150 670 1186 699 17
1202 670 1279 711 (17),
1299 672 1336 700 28
1355 670 1396 712 (7,
1417 672 1458 713 8),
1474 672 1512 704 49
1530 673 1584 713 (7),

925 718 964 746 5ο
981 718 1036 754 (a).

886 766 1053 797 villanus.
1078 768 1114 797 17
1129 768 1185 809 (9),
1204 770 1242 799 30
1254 771 1330 811 (20),
1348 772 1384 800 52
1400 770 1474 811 (14),

885 816 969 846 Vion
983 817 1202 848 ‹flia-rouval.
1219 820 1268 849 25.

886 866 1010 906 Vipont
1051 868 1243 907 (peut-etro
1291 869 1585 900 Vieux-Pont-en—

925 917 1030 956 Auge,
1059 918 1241 954 Calvados,
1271 930 1340 950 arr.
1369 920 1408 949 de
1439 921 1584 958 Lisieux,

925 977 952 996 c.
973 967 1013 996 de
1038 968 1480 1011 Saint-Pierre-sur-Divc).
1503 971 1583 1011 Voy.

927 1017 1063 1047 Robert.

884 1067 1008 1097 viride.
1028 1068 1233 1098 Viridarius.
1253 1071 1290 1098 67
1312 1069 1368 1110 (8),
1389 1071 1427 1099 69
1443 1070 1519 1112 (16).

883 1117 1040 1147 Visconte
1059 1118 1099 1147 de
1123 1120 1177 1148 feu
1202 1119 1338 1154 (she'riff
1352 1120 1582 1162 heri-ditaire).

924 1167 982 1196 ‘104
996 1167 1053 1209 (8).

886 1217 1032 1247 Visneto.
1055 1217 1156 1247 Probi
1173 1218 1328 1249 homines
1347 1219 1399 1249 de.
1421 1220 1456 1249 17
1475 1221 1529 1260 (9),
1547 1221 1584 1250 52

934 1267 1010 1307 (14).

881 1317 1042 1347 Voltaire.
1065 1327 1133 1347 Lx1.

819 1413 885 1458 W

879 1501 1083 1531 Willelmus.
1110 1502 1190 1541 Voy.
1215 1502 1419 1532 Guillaume.

879 1551 1125 1591 Wigorniensis
1158 1552 1352 1592 episcopus.
1377 1553 1459 1593 Voy.
1484 1554 1583 1583 Wor-

919 1606 1040 1631 cester.

878 1651 1138 1682 Winchecombe
1150 1652 1270 1682 abbas.
1285 1652 1379 1682 Abhe
1392 1653 1432 1682 de
1446 1653 1582 1683 Winch-

919 1702 1018 1731 comb
1060 1702 1183 1743 (comte
1217 1702 1256 1732 de
1290 1702 1514 1744 Gloucester).
1550 1705 1580 1740 4,

919 1753 969 1781 59.

877 1801 1100 1832 Winchester.
1118 1812 1202 1832 xvn.

917 1869 956 1873 —-
999 1854 1050 1881 ev.
1064 1852 1116 1881 de.
1132 1853 1214 1892 Voy.
1232 1851 1374 1889 Gerard,
1388 1852 1581 1884 Guillaume

918 1900 1060 1937 Giffard,
1081 1902 1183 1931 Henri
1202 1902 1241 1931 de
1258 1902 1364 1932 Blois.

875 1952 1118 1982 Wintoniensis
1148 1953 1344 1993 episcopus.
1374 1954 1456 1993 Voy.
1486 1954 1581 1984 Win-

916 2002 1062 2032 chester.

874 2052 1087 2082 Woodstock.
1107 2053 1222 2082 Assise
1240 2053 1293 2082 de.
1316 2062 1415 2083 anI.

874 2103 1074 2138 Worcester,
1119 2105 1169 2132 ev.
1209 2102 1261 2132 de.
1307 2102 1388 2143 Voy.
1426 2103 1578 2141 Gautier,

916 2152 1043 2188 Simon,
1068 2152 1233 2182 Silvestre
1251 2152 1467 2182 d'Evesham.

875 2202 1055 2242 Wycombe
1088 2204 1210 2240 (comte
1243 2202 1282 2232 de
1316 2203 1578 2245 Buckingham).

913 2252 1011 2281 Alain
1033 2252 1154 2282 Basset
1171 2252 1221 2281 de.
1242 2253 1293 2281 40.

874 2302 1007 2342 Wyems
1026 2301 1265 2342 (Humphrey).
1283 2303 1332 2331 25.

872 2352 982 2391 XVyre,
1015 2352 1101 2381 foret
1135 2351 1175 2380 de
1206 2352 1296 2391 (pres
1331 2351 1371 2381 de
1406 2351 1577 2392 Bewdley,

913 2402 1022 2431 comte
1045 2401 1084 2430 de
1103 2401 1319 2441 worcester).
1340 2411 1452 2431 xxxw.

874 2451 1015 2491 Wyteby
1027 2451 1147 2480 abbas.
1166 2451 1260 2480 Abbd
1276 2451 1316 2480 de
1327 2451 1466 2490 Whitby
1480 2451 1578 2491 (dans

912 2501 942 2530 le
961 2501 1069 2530 North
1086 2500 1212 2540 Riding
1229 2500 1275 2530 du
1299 2503 1408 2530 comte
1429 2500 1577 2535 d‘York).

913 2551 995 2590 Voy.
1015 2551 1126 2590 Roger
1138 2550 1177 2579 de
1194 2550 1447 2591 Scarborough.
1465 2551 1513 2587 59,
1526 2551 1575 2580 62.

876 2734 976 2771 York,
1017 2739 1126 2764 comte
1167 2734 1219 2764 de.
1261 2735 1342 2774 Voy.
1383 2734 1577 2765 Guillaume

917 2783 1104 2814 d’Aumale.
