1796 3153
461 206 498 236 V.
525 223 561 230 -
585 204 757 237 GRANDE
783 204 954 235 CHARTE
980 205 1033 235 DE
1057 205 1162 235 JEAN
1189 206 1295 236 8„st
1323 206 1463 237 'siclum
1663 209 1700 237 :37

277 283 346 325 59.
382 283 472 327 Nos
493 284 708 341 faciemus
730 280 985 322 Alexandro
1013 284 1109 338 regi
1129 283 1371 323 Scottorum
1401 283 1451 323 de
1479 285 1701 324 sororibus

218 353 324 402 suis,
353 360 392 392 et
414 350 634 392 obsidibus
656 348 900 399 reddendis,
926 357 964 388 ct
986 347 1256 391 libertatibus
1279 352 1386 401 suis,
1417 360 1455 391 et
1469 353 1578 407 jure
1598 368 1695 403 suo,

218 419 452 460 secundum
483 418 675 475 formam
712 417 753 456 in
788 432 875 474 (lua
901 417 1116 473 faciemus
1146 417 1246 458 aliis
1277 418 1513 459 baronibus
1543 423 1701 460 nostris

217 485 394 543 Anglie,
432 486 520 525 nisi
543 485 672 525 aliter
698 500 788 524 csse
817 484 970 524 debeat
989 501 1072 541 per
1098 494 1247 526 cartas
1271 502 1381 543 quas
1411 486 1619 527 babemus
1651 487 1701 527 de

229 553 436 596 W'illelmo
455 561 585 610 patre
610 554 760 609 ipsius,
789 551 1006 609 quondam
1034 569 1132 593 rene
1158 554 1429 607 Scottorum,·
1453 564 1491 595 ct
1515 554 1593 595 lme
1621 557 1702 596 erit

1078 586 1102 610 ε·

214 621 528 678 perjudicium
545 622 725 677 parium
753 635 931 660 suorum
964 621 1004 659 in
1029 622 1154 660 curia
1178 631 1343 661 nostra.

275 732 346 775 60.
383 733 544 775 Omnes
574 740 717 773 autem
744 731 849 772 istas
881 731 1226 773 consuetudines
1251 733 1471 790 predictas
1500 743 1543 775 ct
1566 734 1699 776 libcr-

217 809 327 842 tates
356 816 463 857 quas
489 816 568 841 nos
592 798 887 841 concessimus
914 800 959 840 in
983 815 1119 858 regno
1148 809 1298 842 nostro
1325 802 1537 843 tenendas
1563 818 1701 860 quan-

216 878 307 911 tum
336 868 390 910 ad
417 884 495 910 nos
527 868 721 925 pertinet
748 883 852 926 erga
881 876 1073 920 nostros,
1102 884 1253 910 omncs
1282 869 1335 910 dc
1364 885 1500 928 regno
1525 879 1697 918 nostro,

217 945 303 978 tam
336 936 485 978 clerici
509 937 647 993 [quam
683 935 798 988 laici,
834 936 1070 977 observent
1099 944 1309 994 quantum
1342 937 1395 978 ad
1429 954 1473 979 se
1508 938 1701 995 pertinet

218 1020 321 1063 erga
350 1020 466 1046 suos.

274 1115 344 1158 61.
384 1117 488 1157 Cum
519 1125 663 1157 autem
683 1132 770 1174 pro
796 1118 899 1167 Deo,
934 1125 973 1157 et
999 1116 1059 1157 ad
1084 1117 1430 1158 emendacionem
1458 1121 1583 1175 regni
1606 1135 1698 1159 nos-

216 1186 294 1236 tri,
323 1194 360 1225 et
382 1185 441 1225 ad
465 1185 619 1225 melius
639 1184 891 1242 sopiendum
915 1184 1178 1225 discordiam
1213 1186 1323 1225 inter
1346 1201 1422 1226 nos
1450 1195 1489 1226 et
1516 1187 1699 1228 barones

215 1262 384 1294 nostros
423 1262 580 1303 ortam,
612 1253 686 1293 lzec
720 1254 867 1293 omnia
887 1253 1093 1309 predicta
1126 1255 1479 1304 concesserimus,
1515 1253 1699 1296 volentes

216 1338 267 1362 ea
289 1323 459 1378 integra
478 1330 517 1360 et
555 1336 672 1361 zrma
689 1320 927 1361 stabilitate
952 1322 1261 1377 inperpetuum
1280 1321 1492 1378 gaudere,
1507 1322 1698 1380 facimus

215 1398 253 1430 et
289 1388 562 1429 concedimus
596 1391 655 1428 eis
692 1391 965 1428 securitatem
1002 1388 1319 1444 subscriptam,·
1358 1389 1550 1430 videlicet
1585 1391 1701 1448 quod

216 1457 401 1497 barones
420 1455 583 1513 eligant
605 1458 759 1514 Viginti
781 1459 968 1513 quinque
991 1456 1174 1496 barones
1198 1456 1248 1496 de
1271 1472 1402 1514 regno
1426 1474 1532 1514 quos
1555 1459 1697 1499 volue-

216 1526 317 1575 rint,
345 1527 421 1582 qui
443 1525 626 1565 debeant
649 1540 729 1580 pro
759 1526 858 1564 totis
887 1524 1047 1564 viribus
1071 1525 1162 1564 suis
1184 1525 1434 1575 observare,
1469 1534 1631 1576 tenere,
1659 1536 1697 1566 et

211 1592 361 1650 facere
395 1592 640 1641 observari,
663 1608 817 1649 pacem
846 1601 885 1631 et
912 1591 1132 1632 libertates
1161 1608 1271 1649 (sitas
1295 1595 1354 1632 eis
1385 1596 1692 1644 concessimus,

215 1669 253 1700 ct
271 1660 563 1717 ltacpresenti
583 1669 709 1700 carta
729 1669 879 1700 nostra
901 1659 1279 1714 confirmavimus5
1304 1661 1363 1700 ita
1383 1660 1543 1701 scilicet
1563 1663 1692 1719 quod,

213 1730 362 1779 sinos,
386 1728 745 1785 veljusticiarius
770 1736 929 1779 noster,
952 1726 1017 1767 vel
1033 1727 1183 1767 ballivi
1202 1730 1354 1778 nostri,
1378 1729 1443 1768 vel
1464 1728 1624 1787 aliquis
1645 1731 1696 1770 de

215 1797 424 1837 ministris
451 1797 633 1845 nostris,
668 1797 709 1835 in
743 1794 889 1852 aliquo
917 1810 1023 1852 erga
1052 1794 1238 1852 aliquem
1271 1795 1602 1853 deliquerimus,
1634 1798 1699 1837 vel

215 1864 401 1921 aliquem
429 1863 714 1904 articulorum
740 1865 868 1920 pacis
896 1872 971 1903 aut
991 1864 1239 1903 securitatis
1269 1866 1537 1921 transgressi
1554 1865 1695 1921 fueri-

214 1947 325 1981 mus,
356 1940 395 1971 et
421 1931 619 1972 delictum
647 1940 860 1971 ostensum
886 1932 1022 1989 fuerit
1048 1940 1238 1988 quatuor
1266 1932 1502 1972 baronibus
1522 1933 1573 1973 de
1591 1949 1693 1989 pre-

213 1999 337 2040 dictis
368 2001 522 2057 viginti
549 2001 737 2057 quinque
762 1999 1019 2049 baronibus,
1056 1998 1121 2038 illi
1142 2008 1332 2056 quatuor
1358 2000 1542 2041 barones
1576 2016 1692 2041 acce-

214 2067 321 2107 dant
348 2067 407 2107 ad
429 2083 505 2107 nos
535 2066 600 2107 vel
624 2068 996 2122 adjustit·icarium
1022 2075 1234 2117 nostrum,
1266 2069 1308 2107 si
1324 2069 1539 2125 fuerimus
1567 2077 1694 2108 extra

212 2151 408 2191 regnum,
441 2143 729 2191 proponentes
765 2135 887 2175 nobis
920 2150 1170 2187 eascessum,
1205 2144 1351 2191 petent
1391 2144 1435 2175 ut
1471 2152 1690 2176 accessum

214 2202 329 2242 illum
359 2204 450 2243 sine
478 2203 693 2243 dilacione
715 2203 938 2260 faciamus
960 2202 1198 2242 emendari.
1228 2203 1286 2242 Et
1309 2206 1347 2243 si
1369 2219 1446 2243 nos
1469 2219 1690 2244 excessum

212 2286 295 2311 non
328 2271 717 2322 emendaverimus,
761 2271 837 2320 vel,
868 2272 909 2309 si
932 2271 1149 2327 fuerimus
1176 2279 1302 2310 extra
1333 2287 1530 2327 regnum,
1554 2272 1692 2327 justi-

212 2339 374 2379 ciarius
409 2346 553 2379 nos‘ter
587 2354 671 2378 non
708 2339 999 2378 emendaverit
1041 2338 1158 2395 infra
1196 2347 1361 2394 tempus
1394 2340 1692 2396 quadraginta

211 2405 375 2447 dierum
422 2406 755 2462 computandmn
801 2422 828 2445 a
873 2414 1061 2462 tempore
1103 2421 1185 2462 quo
1230 2415 1514 2446 monstratmn
1555 2408 1693 2464 fuerit

212 2474 333 2514 nobis
357 2473 423 2514 vel
435 2475 692 2531 justiciario
720 2482 882 2524 nostro,
914 2474 956 2513 si
977 2482 1105 2513 extra
1134 2488 1312 2530 regnum
1336 2474 1568 2531 fuerimus,
1588 2491 1689 2531 pre-

211 2541 318 2581 dicti
339 2551 529 2599 quatuor
556 2542 740 2582 barones
764 2541 959 2598 referant
983 2556 1161 2581 causam
1191 2541 1307 2581 illam
1339 2542 1399 2582 ad
1423 2542 1618 2582 residuos
1640 2542 1691 2583 de

214 2608 297 2650 illis
318 2611 470 2667 viginti
487 2611 675 2667 quinque
701 2609 953 2659 baronibus,
981 2618 1019 2649 et
1042 2609 1108 2649 illi
1127 2610 1484 2666 vigintiquinque
1506 2609 1690 2650 barones

212 2692 306 2717 cum
348 2679 594 2718 communia
632 2679 766 2718 tocius
807 2685 920 2717 terre
958 2677 1215 2734 distringeret
1251 2685 1289 2716 et
1321 2677 1572 2733 gravabunt
1613 2693 1690 2718 nos

215 2744 350 2786 modis
377 2745 573 2787 omnibus
601 2746 756 2802 quibus
777 2754 1003 2802 poterunt,
1033 2745 1193 2785 scilicet
1213 2760 1293 2801 per
1320 2746 1563 2800 capcionem
1591 2761 1687 2785 cas-
