1796 3153
515 228 574 259 111.
598 246 638 251 —
662 226 832 258 CHARTE
857 226 911 257 DE
937 226 1068 257 HENRI
1093 226 1122 256 Π
1517 227 1554 257 ’13

369 569 451 613 ΙΙΙ.
573 566 825 612 CHARTE
866 568 947 612 DE
989 568 1183 613 HENRI
1225 568 1262 612 11

127 844 241 882 Cette
268 843 419 889 charte,
450 844 548 881 dont
574 841 778 893 l'original
806 850 867 879 est
894 843 1038 892 perdu,
1067 855 1170 880 nous
1198 856 1218 879 a
1247 843 1308 879 ete
1336 843 1558 880 conservee

74 906 174 943 dans
193 906 228 943 le
250 919 324 944 ms.
348 906 511 943 Cotton.
535 904 730 943 Claudius
752 904 801 941 D.
827 916 871 949 11,
897 904 965 941 sol.
993 905 1065 942 107
1087 909 1142 949 v⁰‚
1171 912 1209 941 et
1230 917 1324 949 non,
1350 917 1502 941 comme
1523 904 1559 940 le

74 966 132 1004 dit
168 981 240 1017 par
269 980 410 1004 erreur
441 967 704 1011 Blackstone‚
739 979 778 1016 p.
810 978 865 1011 vi,
900 967 1000 1003 dans
1031 966 1066 1002 le
1097 981 1114 1000 «
1147 965 1268 1003 Livre
1301 979 1428 1016 rouge
1464 982 1480 1000 ))
1511 966 1559 1002 de

74 1017 340 1079 l'Echiquier.
354 1028 465 1066 C⁷est
483 1028 518 1065 la
540 1027 687 1078 qu‘elle
703 1043 723 1064 3
745 1029 806 1064 ete
822 1027 962 1077 copiee
978 1040 1083 1077 pour
1103 1026 1285 1064 l'edition
1304 1028 1376 1063 des
1392 1029 1562 1064 ,s'zataces

74 1092 192 1138 oftlze
213 1093 357 1135 realm,
379 1104 456 1140 que
479 1103 581 1127 nous
604 1103 730 1127 avons
753 1088 897 1133 suivie,
924 1091 1043 1139 apres
1066 1088 1299 1139 inspection
1321 1089 1373 1125 du
1395 1101 1471 1125 ms.
1496 1088 1557 1125 Cf,

75 1151 242 1197 Stubbs,
269 1154 393 1189 Select
423 1153 621 1196 Clzarters,
652 1165 692 1201 p.
726 1151 812 1187 135.
843 1150 930 1188 Elle
958 1151 1062 1188 n'est
1090 1164 1160 1200 pas
1185 1151 1314 1187 datee.
1347 1150 1499 1187 Stubhs
1527 1149 1562 1186 13

76 1213 208 1263 place,
235 1227 330 1251 avec
364 1213 501 1250 raison
530 1226 623 1251 sans
652 1214 793 1258 doute,
831 1212 1003 1250 aussitot
1032 1216 1151 1263 apres
1180 1212 1216 1249 16
1246 1219 1564 1250 couronnement

75 1275 123 1312 de
147 1275 274 1312 Henri
292 1276 327 1312 ΙΙ
350 1275 413 1327 (19
435 1277 522 1312 dec.
550 1275 679 1325 1154).

150 1487 284 1528 Carta
313 1488 441 1543 Regis
473 1488 654 1527 Hem-ici
676 1487 855 1527 secundi
876 1487 1000 1544 fac-la
1028 1486 1329 1527 communitati
1352 1489 1489 1543 regni.

135 1616 350 1656 Henricus
383 1615 462 1656 Dei
491 1614 637 1673 gracia
672 1631 746 1656 rex
781 1614 1070 1673 Anglorum¹,
1109 1614 1195 1655 dux
1225 1613 1492 1656 Normannie
1523 1622 1566 1655 et

76 1683 328 1740 Aquitanie‚
361 1691 403 1723 et
437 1699 580 1724 comes
613 1681 881 1740 Andegavie,
915 1681 1118 1723 omnibus
1150 1681 1402 1731 comitibus,
1437 1682 1565 1722 baro-

76 1751 204 1791 nibus
231 1758 273 1790 et
300 1749 504 1790 fidelibus
533 1750 621 1790 suis
650 1749 828 1791 Francis
853 1757 895 1790 et
916 1749 1138 1806 Anglicis,
1166 1749 1365 1790 salutem.

137 1817 295 1859 Sciatis
333 1833 415 1867 me,
452 1818 504 1858 ad
538 1818 750 1858 honorem
786 1818 866 1858 Dei
898 1825 939 1857 et
971 1825 1119 1857 sancte
1157 1816 1376 1866 Ecclesie,
1416 1825 1458 1856 et
1486 1832 1565 1873 pro

78 1884 296 1926 communi
342 1885 656 1926 emendacione
696 1885 839 1925 tocius
882 1884 1007 1942 regni
1038 1885 1144 1938 111617
1183 1885 1479 1933 concessisse,
1524 1892 1566 1924 et

78 1952 341 2002 reddidisse,
366 1961 407 1993 61
436 1952 631 2009 presenti
659 1961 775 1993 carta
802 1968 893 1992 mea
920 1952 1203 1993 confirmasse
1225 1954 1318 1993 Deo
1347 1960 1389 1992 et
1417 1959 1566 1992 sancte

79 2019 297 2070 Ecclesie,
333 2028 376 2060 61
403 2020 606 2060 omnibus
641 2020 901 2070 comitibus,
930 2028 972 2060 et
1003 2018 1265 2069 baronibus,
1294 2027 1337 2060 et
1364 2018 1566 2060 omnibus

80 2087 333 2128 hominibus
377 2087 502 2138 meis,
543 2103 694 2128 omnes
735 2087 1059 2136 concessiones,
1104 2095 1147 2127 et
1189 2085 1481 2135 donaciones,
1525 2095 1568 2127 et

77 2153 327 2205 libertates,
352 2163 394 2195 et
420 2154 579 2195 liberas
603 2154 946 2195 consuetudines
963 2187 972 2204 ,
1003 2170 1111 2211 quas
1134 2170 1209 2195 rex
1229 2153 1443 2194 Henricus
1463 2169 1564 2194 avus

80 2237 200 2262 meus
238 2221 299 2262 eis
332 2221 452 2262 dedit
486 2230 529 2262 et
559 2222 791 2263 concessit.
826 2221 1041 2263 Similiter
1078 2220 1214 2262 eciam
1246 2237 1397 2262 omnes
1432 2221 1564 2262 malas

79 2288 444 2338 consuetudines,
477 2304 583 2344 quas
609 2288 702 2345 ipse
729 2289 890 2330 delevit
920 2297 961 2329 61
989 2289 1178 2339 remisit,
1211 2304 1293 2346 ego
1321 2289 1496 2329 remitto
1525 2296 1567 2329 et

79 2356 217 2396 deleri
253 2357 447 2397 concedo
479 2372 558 2413 pro
596 2372 664 2397 me
699 2364 740 2396 61
773 2355 1011 2396 heredibus
1047 2355 1169 2396 meis.
1207 2358 1351 2409 Quare
1388 2356 1485 2396 volo
1524 2363 1566 2396 61

80 2422 262 2463 firmiter
292 2424 489 2479 precipio
520 2423 638 2480 quod
667 2432 816 2464 sancta
850 2423 1066 2473 Ecclesia,
1099 2431 1141 2463 et
1171 2439 1323 2464 omnes
1356 2422 1562 2472 comites,

79 2498 122 2530 61
156 2491 358 2540 barones,
395 2499 438 2531 et
467 2506 618 2531 omnes
647 2490 731 2531 mei
761 2491 986 2541 homines,
1022 2507 1173 2531 omnes
1201 2490 1296 2530 illas
1328 2499 1564 2531 consuetu-

80 2556 221 2607 dines,
253 2566 295 2598 et
317 2557 600 2608 donaciones,
629 2566 672 2598 et
693 2558 936 2608 libertates,
964 2566 1006 2598 et
1030 2558 1192 2599 liberas
1221 2557 1564 2598 consuetudines

122 2696 151 2724 ’1.
174 2695 226 2726 011
246 2695 381 2736 Anglie.
398 2697 444 2726 La
462 2697 558 2737 copie
577 2697 622 2726 du
638 2708 701 2727 ms.
723 2697 860 2726 Cotton.
880 2701 977 2737 porte
997 2697 1208 2726 seulement:
1229 2696 1328 2736 Angl.
1346 2696 1435 2725 C¹est
1453 2696 1565 2726 seule—

79 2741 177 2808 (11116ῐὲ
195 2740 214 2766 ἐι
231 2738 344 2807 Eartlir
361 2738 402 2767 de
419 2738 503 2768 Jean
519 2749 583 2778 quc
602 2738 651 2768 les
667 2738 737 2768 rois
754 2738 990 2778 d'Angleterre
1009 2738 1143 2778 prii-ent
1161 2738 1417 2768 officiellement
1438 2737 1470 2767 le
1488 2737 1567 2768 titre

104 2789 120 2808 e
178 2789 218 2808 em
261 2788 307 2820 ng
320 2789 361 2808 ze.
