1796 3153
261 226 299 254 32
601 222 796 253 CHARTES
821 221 899 254 DEs
923 213 1132 252 LIBERTES
1156 222 1393 252 ANGLAISES

264 299 499 347 hominem,
525 299 558 338 si
584 299 677 354 ipsc
703 314 793 338 cam
826 298 967 338 facere
999 314 1082 338 uon
1112 298 1252 354 possit
1279 306 1460 354 propter
1488 297 1730 338 racionabi-

264 367 348 407 lem
383 381 583 414 causam3
620 373 662 405 et
698 364 731 404 si
770 381 846 404 nos
884 364 1133 405 duxerimus
1170 364 1235 404 vel
1273 364 1516 405 miserimus
1555 380 1652 405 eum
1687 365 1729 404 in

265 432 518 481 exercitum,
545 432 626 472 erit
654 431 826 487 quietus
855 431 906 472 (le
935 431 1150 481 custodia,
1181 431 1419 472 secundum
1446 431 1731 488 quantitatem

263 498 473 556 temporis
501 514 586 555 quo
615 514 691 554 per
721 514 799 538 nos
829 498 955 538 suerit
983 498 1026 538 in
1055 499 1263 538 exercitu.

322 600 393 642 30.
429 600 583 642 Nullus
624 600 886 649 vicecomes,
934 600 998 639 vel
1043 599 1225 640 ballivus
1270 607 1434 648 noster,
1472 599 1537 639 vel
1577 598 1732 654 aliquis

268 668 399 718 alius,
430 667 573 723 capiat
601 682 734 722 equos
768 666 834 707 vel
867 674 1052 706 carettas
1084 666 1265 721 alicujus
1294 666 1418 706 liberi
1445 666 1626 706 hominis
1655 681 1734 722 pro

267 733 455 791 caringio
486 734 701 783 faciendo,
736 734 819 773 nisi
852 733 905 773 de
938 733 1158 773 voluntate
1195 732 1332 789 ipsius
1364 732 1491 773 liberi
1524 731 1729 774 hominis.

323 826 392 868 31.
430 829 519 868 Nec
545 843 623 867 nos
650 842 728 866 nec
758 825 903 866 ballivi
930 826 1070 866 nostri
1098 825 1315 882 capiemus
1342 825 1529 866 alienum
1554 826 1734 866 boscum

266 893 318 934 ad
346 902 485 934 castra
510 894 577 934 vel
602 893 682 934 alia
710 893 876 950 agenda
902 901 1063 943 nostra,
1090 891 1173 932 uisi
1202 909 1280 948 per
1303 892 1568 933 voluntatem
1596 892 1734 949 ipsius

266 962 386 1017 cujus
415 962 574 1002 boscus
603 960 675 1001 ille
705 960 847 1000 fuerit.

322 1053 392 1095 32.
429 1056 517 1096 Nos
539 1070 624 1094 non
644 1053 889 1095 tenebimus
911 1062 1048 1094 terras
1073 1052 1247 1093 illorum
1273 1053 1345 1108 qui
1368 1053 1554 1094 convicti
1576 1050 1737 1093 suerint

265 1119 317 1161 de
353 1121 523 1170 felonia,
556 1122 639 1161 nisi
670 1137 748 1177 per
782 1137 915 1162 unum
952 1137 1112 1161 anuum
1146 1129 1188 1160 et
1222 1136 1355 1160 unum
1384 1120 1521 1172 diem,
1555 1128 1596 1161 ct
1633 1128 1736 1161 tunc

265 1188 504 1229 reddantur
526 1197 640 1228 terre
667 1188 854 1228 dominis
884 1187 1124 1228 feodorum.

322 1280 391 1322 33.
430 1283 590 1322 Omnes
642 1281 792 1322 kidclli
835 1281 888 1321 de
932 1289 1076 1321 cetero
1123 1281 1399 1337 deponantur
1455 1279 1631 1337 penitus
1681 1280 1734 1321 de

266 1348 475 1404 Tamisia,
507 1357 548 1389 et
575 1348 627 1389 de
656 1348 922 1404 Medewaye‚
952 1356 994 1388 et
1021 1364 1099 1404 per
1126 1356 1261 1388 totam
1291 1347 1515 1405 Angliam,
1547 1347 1630 1388 nisi
1660 1362 1738 1403 per

267 1423 479 1456 costeram
509 1416 655 1456 maris.

322 1508 391 1549 34.
429 1510 565 1549 Breve
602 1508 718 1565 quod
752 1517 927 1549 vocatur
957 1524 977 1547 α
1014 1507 1194 1564 precipe
1227 1524 1248 1547 »
1280 1508 1333 1548 de
1367 1515 1511 1549 cetero
1546 1523 1631 1548 non
1665 1507 1737 1548 fiat

266 1575 395 1615 alicui
422 1576 475 1616 de
503 1575 647 1632 aliquo
670 1584 919 1616 tenemento
943 1575 1058 1615 uude
1087 1575 1198 1615 liber
1216 1576 1346 1616 homo
1374 1576 1571 1616 amittere
1599 1575 1737 1631 possit

269 1643 432 1683 curiam
456 1658 592 1683 suam.

324 1735 394 1776 35.
430 1737 523 1777 Una
551 1750 750 1775 mensura
776 1734 861 1774 vini
889 1734 943 1775 sit
971 1751 1049 1792 per
1077 1744 1215 1775 totum
1239 1751 1421 1792 regnum
1446 1743 1664 1785 nostrum,
1696 1743 1738 1776 et

267 1818 347 1843 una
376 1817 575 1842 mensura
599 1802 795 1852 cervisie,
821 1810 863 1842 et
887 1818 969 1842 una
995 1818 1195 1842 mensura
1217 1802 1351 1852 bladi,
1378 1802 1544 1843 scilicet
1568 1811 1737 1858 quarte-

266 1869 375 1909 rium
410 1868 732 1918 Loudoniense,
763 1877 805 1908 et
829 1884 910 1909 una
942 1868 1124 1909 latitudo
1156 1885 1399 1925 pannorum
1430 1869 1668 1910 tinctorum
1697 1878 1738 1910 et

267 1944 534 1976 russetorum
563 1944 605 1976 et
627 1935 1015 1992 halbergettorum,
1040 1935 1207 1976 scilicet
1232 1936 1314 1976 duc
1336 1935 1437 1977 ulue
1458 1936 1568 1976 infra
1590 1936 1735 1986 listas;

265 2002 318 2042 de
340 2002 610 2058 ponderibus
638 2009 780 2042 autem
807 2002 860 2042 sit
890 2011 934 2042 ut
959 2002 1011 2042 de
1041 2002 1268 2042 mensuris.

324 2102 394 2143 36.
431 2103 576 2144 Nichil
599 2102 725 2143 detur
753 2104 816 2143 vel
835 2106 1036 2160 capiatur
1063 2104 1115 2144 de
1141 2112 1286 2144 cetero
1308 2119 1387 2159 pro
1412 2103 1532 2144 brevi
1560 2103 1737 2159 inquisi-

267 2168 406 2209 cionis
442 2169 494 2209 de
527 2169 613 2210 vita
647 2170 711 2210 vel
746 2170 973 2221 membris,
1010 2178 1075 2210 set
1110 2169 1245 2226 gratis
1279 2170 1544 2211 concedatur
1575 2178 1617 2210 et
1650 2185 1734 2210 non

268 2244 469 2293 negetur,

325 2328 395 2369 37.
436 2328 481 2369 Si
513 2329 668 2385 aliquis
705 2338 851 2370 teneat
880 2329 932 2370 de
961 2328 1088 2370 nobis
1117 2345 1194 2385 per
1226 2329 1531 2380 scodifirmam,
1565 2329 1630 2370 vel
1663 2345 1739 2385 per

269 2395 511 2452 sokagium,
541 2397 607 2436 vel
635 2413 713 2452 per
740 2397 1016 2453 burgagium,
1044 2405 1085 2436 et
1111 2396 1163 2436 (le
1189 2396 1272 2436 alio
1300 2405 1459 2436 terram
1487 2404 1633 2436 teneat
1661 2411 1738 2452 per

270 2461 497 2502 servicium
533 2463 733 2514 militare,
768 2479 845 2503 uos
880 2479 964 2503 non
999 2463 1256 2503 habebimus
1291 2462 1531 2503 custodiam
1565 2461 1738 2503 heredis

269 2545 348 2569 nec
370 2536 483 2569 terre
506 2545 580 2570 sue
606 2546 689 2586 que
715 2539 780 2570 est
805 2530 857 2570 de
881 2530 1004 2570 feodo
1030 2529 1224 2579 alterius,
1248 2531 1475 2570 occasione
1501 2529 1618 2570 illius
1647 2530 1738 2570 seo-

271 2595 456 2645 difirme,
479 2596 542 2636 vel
569 2596 751 2653 sokagii,
776 2596 841 2636 vel
865 2595 1089 2653 burgagii3
1116 2612 1194 2636 nec
1215 2595 1473 2636 habebimus
1496 2595 1737 2636 custodiam

270 2661 386 2702 illius
417 2663 680 2713 feodifirme,
712 2663 777 2703 vel
804 2662 992 2719 sokagii,
1026 2663 1090 2702 vel
1116 2663 1336 2719 burgagii‚
1366 2663 1450 2703 nisi
1481 2663 1571 2719 ipsa
1601 2663 1736 2703 scodi-

272 2730 393 2768 firma
417 2729 574 2770 debeat
599 2729 826 2769 servicium
852 2728 1050 2769 militare.
1078 2730 1164 2770 Nos
1193 2745 1280 2769 non
1305 2729 1562 2770 habebimus
1591 2737 1737 2770 custo-
