1796 3153
210 224 247 252 38
550 220 745 250 CHARTES
770 220 849 249 DEs
875 211 1084 251 mssERTEs
1109 220 1346 251 sxNGLMSES

211 307 393 349 trorum,
422 308 657 347 terrarum,
680 299 1019 353 possessionum,
1043 307 1080 337 el
1107 297 1206 337 aliis
1231 300 1366 339 modis
1390 301 1544 356 quibus
1562 310 1682 357 pote-

214 375 330 415 runt,
365 366 497 406 donec
525 366 661 422 suerit
687 363 956 405 emendatum
987 365 1219 405 secundum
1255 366 1482 407 arbitrium
1512 383 1681 415 eorum,

213 434 335 473 salva
360 448 550 489 persona
585 440 732 472 nostra
768 440 806 471 et
837 433 982 488 regine
1013 441 1156 472 nostre
1185 442 1223 472 et
1254 432 1483 474 liberorum
1518 444 1684 475 nostro-

215 515 339 551 rum‚’
369 509 408 540 ct
436 516 529 539 cum
559 500 695 557 suerit
722 499 991 539 emendatum
1031 499 1246 540 intendent
1276 501 1397 541 nobis
1426 503 1535 541 sicut
1557 504 1686 559 prius

209 569 422 626 fecerunt.
446 568 503 607 Et
525 568 782 624 quicumque
809 565 988 606 voluerit
1017 566 1067 606 de
1091 576 1208 606 terra
1225 569 1350 623 juret
1373 570 1489 625 quod
1507 569 1566 609 ad
1583 585 1686 625 pre-

215 636 328 676 dicta
352 635 498 674 onznia
519 633 767 691 ecequenda
786 634 959 689 parebit
984 634 1204 674 mandatis
1217 635 1512 691 predictorzun
1541 638 1692 693 viginti

215 704 401 761 quinque
435 702 670 751 baronum,
703 710 740 741 et
767 701 883 758 quod
904 701 1109 757 gravabit
1136 718 1212 741 nos
1233 718 1313 758 pro
1335 718 1461 758 posse
1489 719 1566 743 suo
1592 719 1684 742 cum

218 771 335 826 ipsis,
355 777 394 809 et
412 785 488 809 nos
499 769 672 826 publice
688 777 726 808 et
745 768 875 808 libere
893 769 1048 808 damus
1070 768 1292 809 licenciam
1307 770 1502 825 jurandi
1518 770 1689 810 cuilibet

216 838 474 895 quijurare
502 836 696 885 voluerit,
727 844 765 875 et
794 834 906 874 nulli
936 851 1136 891 umquam
1165 837 1320 888 jurare
1342 837 1685 893 prohibebimus.

220 904 376 945 Omnes
397 912 539 943 autem
567 903 660 943 illos
681 903 730 943 de
750 912 866 942 terra
892 904 1064 959 (suiper
1085 918 1129 942 se
1145 912 1182 942 et
1202 913 1350 960 sponte
1373 919 1453 943 sua
1474 904 1690 944 noluerint

216 973 370 1024 jurare
392 972 544 1027 viginti
562 972 749 1027 quinque
771 969 1005 1010 baronibus
1028 969 1078 1009 de
1099 970 1393 1027 distringendo
1413 980 1450 1010 et
1460 971 1689 1027 gravando·

218 1054 294 1079 nos
328 1054 421 1077 cum
455 1040 531 1087 eis,
563 1038 778 1094 faciemus
807 1038 965 1091 jurare
998 1036 1162 1076 eosdem
1196 1038 1247 1077 de
1282 1038 1487 1078 mandato
1520 1047 1665 1078 nostro

217 1105 580 1163 sicutprediclum
604 1113 679 1144 est.
704 1105 760 1143 Et
777 1105 818 1144 si
834 1103 993 1160 aliquis
1011 1104 1062 1143 de
1083 1106 1436 1162 vigintiquinque
1457 1106 1691 1146 baronibus

219 1173 461 1222 decesserit,
489 1171 596 1212 vela
626 1180 745 1211 terra
770 1172 1008 1220 recesserit,
1040 1171 1104 1211 vel
1122 1171 1269 1229 aliquo
1295 1172 1381 1212 alio
1410 1173 1532 1213 modo
1562 1175 1692 1230 impe-

219 1240 332 1280 ditus
354 1240 504 1297 fuerit,
528 1240 755 1296 quominus
781 1240 861 1278 ista
878 1239 1078 1294 predicta
1092 1249 1267 1295 possent
1288 1241 1445 1296 e.1·equi
1454 1273 1462 1290 ,
1487 1242 1565 1297 qui
1585 1242 1692 1280 resi-

220 1308 298 1347 dui
326 1307 492 1364 fuerint
526 1306 576 1346 de
602 1305 814 1363 predictis
852 1307 1004 1362 viginti
1035 1308 1223 1363 quinque
1263 1307 1497 1348 baronibus
1532 1308 1694 1365 eligant

222 1374 353 1414 ulium
396 1374 484 1414 loco
527 1375 680 1430 ipsius,
713 1388 795 1430 pro
826 1373 1010 1413 arbitrio
1047 1388 1141 1423 suo,
1180 1375 1258 1430 qui
1290 1374 1425 1414 simili
1455 1375 1577 1415 modo
1614 1377 1693 1415 erit

219 1444 397 1494 juratus
431 1457 513 1498 (suo
547 1450 585 1480 et
618 1443 760 1481 ceteri.
797 1441 846 1480 ln
885 1440 1081 1481 omnibus
1123 1449 1262 1481 autem
1299 1457 1380 1498 que
1421 1443 1513 1483 istis
1548 1444 1699 1499 viginti

222 1510 410 1566 quinque
451 1508 685 1548 baronibus
726 1509 1051 1548 committuntur
1084 1509 1356 1566 exequenda,
1394 1511 1436 1549 si
1463 1511 1578 1567 forte
1617 1511 1699 1566 ipsi

223 1577 377 1632 viginti
399 1577 586 1632 quinque
607 1584 829 1631 presentes
851 1576 1032 1633 suerint,
1061 1584 1097 1614 ct
1124 1577 1233 1615 inter
1258 1591 1302 1616 se
1325 1591 1454 1632 super
1478 1593 1524 1616 re
1544 1576 1695 1633 aliqua

223 1643 580 1692 discordaverint,
601 1641 666 1683 vel
680 1642 822 1700 aliqui
839 1658 891 1682 ev
912 1644 972 1683 eis
991 1643 1385 1683 summonitinolint
1401 1643 1466 1684 vel
1483 1652 1696 1701 nequeant

225 1713 440 1758 interesse,
469 1719 610 1750 ratum
635 1710 850 1750 habeatur
868 1719 906 1749 et
923 1710 1099 1764 firmum
1126 1711 1241 1767 quod
1261 1712 1405 1765 major
1416 1727 1528 1767 pars
1549 1726 1694 1751 eorum

224 1780 301 1835 qui
323 1786 546 1834 presentes
572 1777 736 1834 fuerint
761 1777 1027 1833 providerit,
1057 1777 1122 1817 vel
1143 1779 1382 1834 preceperit
1409 1793 1461 1817 ac
1490 1779 1531 1818 si
1553 1793 1697 1818 omnes

225 1846 376 1902 viginti
397 1846 584 1902 quinque
611 1847 650 1883 in
677 1844 753 1884 hoc
775 1846 1112 1895 consensissent,·
1142 1854 1179 1884 et
1198 1845 1387 1901 predicti
1408 1846 1559 1902 viginti
1577 1846 1696 1902 quin-

225 1928 305 1968 que
316 1913 472 1968 jurent
491 1911 607 1969 quod
625 1913 771 1951 omnia
789 1911 1005 1951 antedicta
1026 1911 1214 1965 fideliter
1238 1912 1538 1962 observabunt,
1563 1920 1601 1952 et
1616 1927 1698 1968 pro

226 1989 309 2019 toto
326 1994 453 2035 posse
479 1994 557 2019 suo
583 1980 749 2036 facient
771 1979 1006 2018 observari.
1034 1979 1091 2018 Et
1117 1995 1193 2019 nos
1217 1979 1352 2019 nichil
1377 1979 1699 2036 impetrabimus

226 2047 280 2087 ab
306 2046 467 2103 aliquo,
489 2061 569 2101 per
597 2061 673 2085 nos
700 2061 776 2085 nec
796 2061 878 2102 per
910 2045 1067 2096 alium,
1091 2062 1173 2102 per
1198 2047 1314 2103 quod
1335 2045 1486 2104 aliqua
1516 2047 1695 2087 istarum

227 2114 543 2154 concessionum
578 2122 615 2152 et
649 2113 892 2153 libertatum
928 2122 1148 2153 revocetur
1187 2114 1252 2154 vel
1285 2115 1536 2167 minuatur,·
1569 2123 1629 2163 et,
1663 2116 1703 2153 si

228 2181 398 2238 aliquid
420 2181 504 2220 tale
537 2182 807 2236 impetratum
833 2181 984 2238 fuerit,
1016 2182 1183 2221 irritum
1213 2183 1269 2221 sit
1292 2190 1330 2221 et
1360 2183 1485 2221 inane
1508 2190 1545 2221 et
1575 2196 1699 2221 num-

229 2264 356 2305 quam
384 2264 430 2287 eo
462 2257 630 2287 utemur
651 2264 731 2304 per
755 2264 831 2287 nos
856 2264 930 2288 nec
948 2264 1031 2305 per
1057 2248 1205 2288 alium.

288 2340 358 2382 62.
394 2342 450 2380 Et
466 2357 610 2381 omnes
631 2341 772 2381 malas
791 2340 1044 2391 voluntates,
1068 2338 1460 2398 i'szi3·11acl'ories,et
1477 2357 1696 2391 rancores,

230 2417 345 2448 ortos
366 2410 475 2448 inter
495 2424 570 2448 nos
586 2417 624 2447 et
639 2408 829 2449 homines
850 2418 1034 2459 nostros,
1053 2408 1230 2449 clericos
1248 2417 1287 2449 et
1305 2408 1454 2459 laicos,
1469 2424 1497 2448 a>
1515 2418 1700 2466 tempore

230 2475 457 2525 discordie,
483 2475 609 2531 plene
642 2477 836 2516 omnibus
870 2478 1113 2517 remisimus
1146 2485 1185 2516 et
1216 2476 1564 2517 condonavimus.
1596 2477 1701 2516 Pre-

231 2553 346 2583 terea
371 2559 515 2583 omnes
536 2545 902 2600 transgressiones
922 2544 1069 2599 factas
1093 2547 1314 2584 occasione
1334 2543 1523 2599 ejusdem
1543 2543 1700 2584 discor-

231 2609 312 2658 die,
337 2626 363 2649 a
384 2610 560 2650 Pascha
581 2626 695 2651 anno
715 2613 841 2667 regni
859 2612 999 2651 nostri
1017 2611 1300 2651 sextodecimo
1324 2626 1455 2668 usque
1475 2610 1536 2651 ad
1547 2626 1700 2667 pacem

233 2678 538 2733 reformatam,
562 2678 688 2736 plene
712 2680 956 2719 remisimus
983 2679 1199 2727 omnibus,
1231 2678 1397 2718 clericis
1423 2687 1461 2718 et
1486 2677 1630 2728 laicis,
1665 2686 1703 2718 et

233 2753 440 2799 quantum
478 2745 538 2784 ad
571 2761 648 2785 nos
680 2748 866 2801 pertinet
894 2746 1018 2802 plene
1053 2745 1402 2786 condonavimus.
1437 2746 1494 2785 Et
1530 2759 1702 2801 Insuper
