1796 3153
200 217 238 246 36
271 249 274 255 ,
535 214 732 245 CHARTES
757 215 836 245 mas
860 206 1070 246 LIBERTES
1093 214 1334 245 ANGLAISES

258 292 328 334 54.
363 291 518 335 Nullus
548 292 743 349 capiatur
775 307 855 333 nec
890 291 1202 349 imprisonetur
1233 299 1416 349 propter
1446 291 1666 348 appellum

200 359 356 401 femine
384 359 436 400 de
463 367 602 401 morte
630 359 807 400 alterius
835 374 964 416 quam
990 358 1069 400 viri
1099 360 1181 400 sui.

258 453 326 494 55.
367 452 523 494 Omnes
553 452 664 507 sines
695 455 773 510 qui
803 454 961 509 injuste
993 461 1031 492 et
1068 462 1219 493 contra
1255 453 1386 510 legem
1421 461 1534 492 terre
1562 453 1676 510 facti

196 529 296 561 sunt
316 521 553 571 nobiscum,
569 529 608 560 et
624 523 769 560 omnia
791 521 1130 560 amerciamenta
1147 521 1269 577 facta
1290 521 1447 576 injuste
1464 529 1503 560 et
1519 529 1671 560 contra

197 588 328 645 legem
352 597 480 637 terre,
507 590 678 627 omnino
703 587 1014 636 condonentur,
1046 587 1112 627 vel
1131 587 1213 642 siat
1242 587 1337 627 inde
1358 603 1439 643 per
1451 587 1667 644 judicium

197 657 348 711 viginti
375 657 562 712 quinque
602 655 811 695 baronum
847 654 898 694 de
929 654 1085 711 quibus
1123 654 1174 709 fit
1212 656 1374 694 mencio
1413 655 1594 712 inferius
1627 657 1669 694 in

194 727 426 763 securitate
443 725 583 779 pacis,
615 722 680 762 vel
698 737 779 778 per
796 721 1015 777 judicium
1040 723 1225 777 majoris
1236 725 1387 778 partis
1413 721 1666 772 eorundem,

197 805 285 830 una
317 805 413 830 cum
437 790 632 847 predicto
666 789 883 846 Stephano
915 788 1227 830 Cantuariensi
1256 789 1601 846 archiepiscopo,
1633 792 1672 830 si

196 859 398 898 interesse
416 859 597 914 poterit,
623 866 661 897 et
683 856 781 897 aliis
805 872 910 914 quos
936 872 1077 897 secum
1104 857 1164 897 ad
1188 856 1266 897 lzoc
1295 872 1447 897 vocare
1471 856 1664 897 voluerit.

195 926 251 966 Et
278 928 317 965 si
337 926 539 966 interesse
567 940 651 965 non
672 927 852 980 poterit,
884 923 1188 964 nichilominus
1209 924 1420 981 procedat
1446 925 1664 981 negocium

193 995 285 1034 sine
317 1009 380 1044 eo,
417 996 479 1033 ita
512 993 641 1050 quod,
680 993 721 1032 si
752 991 912 1049 aliquis
940 991 1005 1033 vel
1031 991 1173 1049 aliqui
1200 992 1251 1032 de
1279 991 1485 1048 predictis
1520 993 1671 1048 viginti

194 1064 381 1119 quinque
418 1061 652 1101 baronibus
690 1060 854 1117 fuerint
895 1061 937 1099 in
975 1058 1111 1100 simili
1142 1059 1339 1116 querela,
1384 1068 1670 1100 amoveantur

194 1137 404 1186 quantum
426 1128 485 1168 ad
508 1127 835 1184 lzocjudicium,
860 1136 898 1167 et
919 1126 998 1167 alii
1015 1126 1104 1166 loco
1129 1143 1275 1167 corum
1294 1143 1377 1183 per
1401 1127 1594 1167 residuos
1618 1126 1669 1166 de

193 1196 348 1236 eisdem
384 1197 537 1252 viginti
564 1198 772 1252 quinque,
806 1203 972 1234 tantum
1006 1195 1066 1234 acl
1095 1194 1174 1234 lm(-
1201 1195 1449 1251 faciendum
1481 1194 1603 1234 electi
1629 1202 1667 1233 et

192 1264 336 1313 jurati
359 1263 694 1303 substituantur.

252 1347 321 1389 56.
359 1348 389 1388 S
394 1350 408 1387 i
422 1364 497 1388 nos
512 1348 762 1388 disseisivim
771 1362 818 1386 us
838 1346 903 1386 vel
918 1346 1210 1403 elongavimus
1234 1345 1289 1387 W
1287 1345 1453 1386 aienses
1471 1345 1522 1386 de
1539 1347 1667 1386 terris

194 1416 259 1456 vel
292 1415 560 1456 libertatibus
595 1414 660 1454 vel
689 1414 817 1454 rebus
850 1413 974 1462 aliis,
1011 1415 1102 1453 sine
1133 1413 1266 1470 legali
1287 1414 1458 1470 judicio
1487 1414 1663 1470 parium

191 1499 385 1532 suorum,
419 1485 460 1522 in
486 1481 647 1538 Anglia
675 1480 742 1522 vel
769 1483 811 1520 in
852 1480 1028 1530 ΠάΗία,
1064 1482 1124 1520 eis
1150 1482 1295 1522 statim
1328 1480 1599 1531 reddantur,·
1628 1488 1668 1520 et

190 1553 232 1592 si
249 1552 466 1591 contencio
493 1565 622 1606 super
646 1548 723 1589 ltoc
751 1557 845 1588 orta
864 1548 1015 1605 fuerit,
1041 1556 1140 1587 tunc
1165 1547 1260 1587 inde
1285 1546 1368 1601 fiat
1390 1549 1432 1587 in
1459 1546 1666 1588 Marc-ltin

187 1634 267 1675 per
285 1618 502 1675 judicium
532 1618 711 1674 parium
739 1629 942 1665 suorum,·
970 1614 1021 1654 de
1051 1616 1300 1654 tenementis
1328 1613 1484 1671 Anglie
1513 1630 1665 1655 secun-

191 1685 292 1725 dum
325 1685 454 1741 legem
490 1683 672 1741 fingite:
705 1683 755 1723 (le
787 1683 1036 1722 tenementis
1078 1681 1230 1723 Wallie
1262 1682 1495 1722 secundum
1533 1681 1662 1739 legem

201 1752 380 1803 Wallie‚·
423 1753 472 1792 de
505 1753 753 1791 tenementis
787 1749 985 1790 Marclzie
1011 1749 1243 1795 secundum
1282 1748 1413 1806 legem
1449 1749 1661 1790 Mart-lete.

191 1819 305 1860 Idem
323 1819 487 1876 facient
517 1818 736 1860 Walenses
757 1817 878 1857 nobis
899 1825 937 1856 et
961 1819 1134 1857 nostris.

251 1911 318 1953 57.
356 1913 418 1953 De
441 1913 636 1953 omnibus
660 1920 802 1951 autem
833 1910 916 1951 illis
944 1911 995 1951 de
1022 1911 1177 1968 quibus
1205 1910 1366 1967 aliquis
1400 1910 1663 1951 U'alensium

190 1980 573 2038 disseisitussuerit
593 1979 658 2020 vel
674 1979 915 2036 elongatus,
934 1980 1024 2018 sine
1042 1977 1351 2035 legalijudicio
1369 1979 1547 2035 parium
1569 1980 1664 2018 su'o-

191 2064 303 2098 rum,
334 2064 417 2104 per
454 2048 686 2087 Henricum
717 2061 858 2103 regem
886 2055 1056 2103 patrem
1094 2054 1286 2086 nostrum
1321 2044 1387 2086 vel
1422 2044 1660 2085 Ricardum

190 2132 329 2172 regem
357 2116 541 2173 fratrem
571 2123 781 2163 nostrum,
811 2129 891 2170 que
922 2129 997 2153 nos
1025 2115 1063 2153 in
1093 2128 1227 2153 manu
1252 2122 1402 2153 nostra
1429 2112 1660 2163 habemus,

191 2180 256 2220 vel
276 2195 357 2237 que
383 2179 464 2219 alii
483 2187 623 2219 tenent
647 2193 728 2236 que
753 2194 829 2218 nos
851 2187 1048 2234 oporteat
1076 2179 1394 2228 warantizare,
1424 2185 1660 2234 respectum

190 2246 383 2287 habehim
393 2262 441 2287 us
463 2262 595 2304 usque
617 2246 677 2286 ad
695 2261 957 2285 communem
985 2246 1211 2285 terminum
1240 2246 1658 2301 crucesignatorum,

191 2314 274 2354 illis
306 2315 491 2370 exceptis
524 2314 574 2354 de
606 2313 760 2370 quibus
782 2312 996 2369 placitum
1031 2321 1189 2352 motum
1220 2312 1306 2369 fuit
1338 2312 1404 2353 vel
1435 2312 1661 2369 inquisit-io

184 2382 308 2439 facta
324 2397 408 2438 per
429 2390 674 2438 preceptum
703 2390 895 2420 nostrum
924 2389 1024 2420 ante
1050 2382 1366 2436 suscepcionem
1391 2381 1533 2420 crucis
1561 2394 1659 2418 nos-

188 2457 275 2499 tre,·
316 2464 409 2488 cum
451 2457 592 2488 autem
627 2448 897 2497 redierimus,
938 2447 1003 2488 vel
1031 2449 1072 2487 si
1102 2447 1216 2504 forte
1255 2448 1594 2487 remanserimus
1631 2460 1657 2484 a

185 2519 533 2572 peregrinatione
551 2524 716 2565 nostra,
743 2517 886 2555 statim
908 2516 968 2554 eis
987 2514 1083 2554 inde
1098 2513 1277 2570 plenam
1290 2515 1512 2570 justitiam
1535 2511 1658 2552 exhi-

189 2583 399 2632 bebimus,
429 2582 660 2622 sccundum
690 2582 802 2638 leges
836 2580 1095 2621 IValensium
1126 2589 1164 2620 et
1178 2589 1333 2637 partes
1350 2579 1588 2636 predictas.

246 2675 315 2716 58.
351 2675 440 2717 Nos
459 2675 685 2716 reddemus
703 2674 842 2729 silium
864 2673 1072 2714 Lewelini
1086 2675 1250 2724 statim,
1271 2682 1310 2713 et
1329 2688 1474 2713 omnes
1492 2673 1658 2714 obsides

186 2744 237 2783 de
269 2742 448 2792 Wallia,
473 2752 511 2782 et
537 2751 685 2783 cartas
709 2758 790 2799 que
816 2741 937 2782 nobis
959 2741 1138 2781 liberate
1155 2741 1337 2798 fuerunt
1363 2742 1404 2780 in
1425 2743 1658 2781 securitate

181 2824 322 2868 PHCIS.
