1796 3153
11 171 24 202 *w*

9 473 26 500 ιι
0 358 32 451 ,κέλ-,Ψ-
9 336 23 343 s
8 275 13 278 ·
0 222 22 260 ³512}

0 525 24 606 Iffisx
5 503 12 514 ‘²
0 484 4 492 ’

0 705 29 945 ἓ

0 2203 37 2669 «ΝΜἯΜΨΝ
22 2167 31 2177 ,
4 2003 29 2024 ..g

367 231 407 261 V.
430 248 471 254 —-
492 227 665 261 GRANDE
689 227 860 259 CHARTE
884 228 938 257 DE
963 227 1067 257 JEAN
1093 226 1199 257 SANS
1224 226 1364 257 TERRE
1568 225 1605 256 31

184 309 255 350 21.
292 307 483 350 Comites
514 315 558 348 et
586 307 772 347 barones
805 321 891 346 non
929 304 1222 345 amercicntur
1255 302 1339 344 nisi
1371 318 1449 360 per
1478 318 1604 360 pares

127 391 244 428 suos,
275 383 318 417 et
342 391 428 415 non
457 373 539 414 nisi
570 373 810 414 secundum
838 372 1013 413 modum
1037 371 1202 412 delicti.

183 468 254 510 22.
291 466 444 510 Nullus
479 465 663 507 clericus
698 462 958 505 amercietur
990 463 1043 505 de
1076 464 1186 504 laico
1217 470 1469 504 tenemento
1502 479 1603 514 suo,

123 535 210 578 nisi
237 533 476 577 secundum
503 532 678 574 modum
704 532 887 573 alioruin
916 531 1239 588 predictorum,
1272 539 1314 573 et
1338 547 1427 573 non
1452 547 1607 572 secun-

125 604 227 646 dum
255 602 544 660 quantitatem
571 599 773 641 beneficii
796 599 863 640 sui
884 598 1190 640 ecclesiastici.

183 697 253 739 23.
291 697 382 738 Nec
419 694 521 735 villa
565 709 644 735 nec
676 694 808 734 homo
851 693 1142 750 distringatur
1182 692 1322 733 saccre
1362 701 1518 749 pontes
1551 690 1605 732 ad

126 764 324 822 riparias,
349 763 436 804 nisi
461 763 535 820 qui
559 762 611 802 ab
635 761 813 816 antiquo
836 767 878 800 et
899 760 1067 815 dejure
1092 759 1231 800 facere
1255 760 1434 801 debent.

184 856 256 898 24.
291 856 446 899 Nullus
477 854 744 905 vicecomes,
784 853 1159 903 constabularius,
1201 861 1506 905 coronatores,
1545 853 1609 894 vel

127 924 199 967 alii
215 924 363 965 ballivi
386 923 539 974 nostri,
567 929 746 964 teneant
767 921 925 979 placita
950 937 1110 962 corone
1134 929 1300 962 nostre.

1544 1018 1608 1072 εὐ

126 1090 211 1130 sint
246 1088 306 1128 acl
339 1088 545 1144 antiquas
582 1085 738 1140 firmas
776 1085 938 1142 absque
975 1083 1060 1124 ullo
1101 1087 1388 1134 incremento,
1424 1086 1612 1140 exeeptis

185 1019 256 1061 25.
296 1019 453 1061 Omnes
480 1021 725 1068 comitatus,
755 1017 983 1066 hundredi,
1013 1016 1293 1073 wapentaltii,
1324 1025 1362 1055 et
1387 1015 1543 1056 trelliin

125 1155 352 1199 dominicis
380 1155 586 1195 maneriis
617 1156 791 1194 nostris.

186 1249 256 1291 26.
296 1250 341 1292 Si
373 1249 530 1306 aliquis
557 1256 714 1288 tenens
745 1246 798 1287 de
833 1246 959 1287 nobis
993 1245 1151 1286 laicum
1181 1245 1355 1287 feodum
1384 1245 1610 1295 moriatur,

129 1325 172 1360 et
205 1317 449 1359 vicecomes
486 1315 554 1356 vel
586 1314 770 1355 ballivus
805 1322 954 1355 noster
988 1313 1196 1354 ostendat
1235 1313 1403 1354 litteras
1440 1320 1613 1354 nostras

127 1392 328 1442 patentes
354 1383 407 1424 de
429 1381 776 1424 summonicione
806 1390 955 1422 nostra
982 1380 1034 1421 de
1057 1380 1207 1421 debito
1229 1380 1346 1437 quod
1375 1380 1610 1421 defunctus

129 1451 256 1493 nobis
285 1450 453 1502 debuit,
484 1451 613 1491 liceat
642 1448 888 1490 vicecomiti
910 1448 976 1489 vel
1002 1448 1160 1489 ballivo
1193 1456 1344 1489 nostro
1376 1448 1614 1489 attachiare

130 1528 171 1561 et
206 1519 465 1560 imbreviare
509 1517 661 1558 catalla
702 1516 899 1558 defuncti
935 1515 1111 1556 inventa
1149 1516 1193 1556 in
1227 1516 1337 1556 laico
1374 1514 1523 1565 feodo,
1561 1514 1615 1555 ad

129 1586 367 1629 valenciam
403 1585 520 1626 illius
555 1584 715 1634 debiti,
750 1601 829 1641 per
858 1583 997 1625 visum
1027 1583 1233 1640 legalium
1272 1582 1516 1633 hominum,
1556 1581 1617 1622 ita

130 1662 275 1696 tamen
300 1653 417 1710 quod
439 1652 576 1693 nichil
599 1651 702 1692 inde
727 1659 992 1701 amoveatur,
1022 1651 1161 1691 donec
1189 1650 1462 1708 persolvatur
1487 1648 1615 1690 nobis

132 1722 330 1763 debitum
352 1721 469 1778 quod
492 1720 655 1761 clarum
678 1719 822 1771 fuerit,
847 1728 890 1760 et
910 1719 1134 1761 residuum
1158 1718 1433 1775 relinquatur
1459 1732 1616 1759 execu-

132 1789 302 1830 toribus
338 1789 391 1830 ad
422 1788 670 1829 faciendum
699 1795 1011 1828 testamentum
1046 1785 1266 1837 defuncti;
1307 1795 1369 1837 et,
1409 1786 1444 1826 si
1481 1784 1618 1825 nichil

132 1855 260 1898 nobis
305 1857 519 1898 debeatur
559 1855 613 1896 ad
651 1854 771 1911 ipso,
814 1855 959 1896 omnia
997 1854 1151 1894 catalla
1188 1854 1346 1895 cedant
1385 1853 1614 1903 defuncto,

134 1923 263 1966 salvis
285 1924 411 1965 uxori
438 1923 577 1980 ipsius
604 1931 646 1964 et
674 1922 822 1980 pneris
850 1921 1193 1962 racionabilibus
1222 1921 1421 1978 partibus
1451 1919 1557 1961 suis.

193 2025 264 2067 27.
301 2027 352 2066 Si
370 2026 529 2083 aliquis
552 2026 658 2066 libcr-
678 2026 801 2066 homo
829 2027 1054 2066 intestatus
1076 2025 1320 2075 decesserit,
1346 2024 1513 2065 catalla
1534 2040 1618 2065 sua

130 2111 210 2152 per·
245 2110 402 2135 manus
424 2097 773 2151 propinquormn
802 2102 1038 2148 parentum
1071 2101 1110 2132 et
1144 2095 1383 2133 amicorum
1410 2108 1615 2143 suorum,

131 2177 211 2219 per
249 2163 383 2202 visum
425 2161 598 2201 ecclesie
644 2161 981 2212 distribuantur,
1022 2160 1155 2201 salvis
1196 2163 1428 2217 unicuique
1468 2160 1620 2200 debitis

136 2244 217 2287 que
242 2229 472 2287 defunctus
494 2231 535 2268 ez·
551 2229 747 2269 debebat.

195 2322 266 2364 28.
303 2323 458 2365 Nullus
478 2321 846 2373 constabularius,
870 2321 936 2362 vel
959 2320 1068 2361 alius
1091 2320 1275 2361 ballivus
1297 2329 1457 2371 noster,
1477 2320 1620 2377 capiat

138 2390 267 2431 blada
289 2389 356 2431 vel
379 2388 463 2431 alia
489 2389 644 2430 catalla
672 2388 872 2445 alicujus,
898 2387 982 2428 nisi
1009 2387 1152 2429 statim
1177 2387 1279 2428 inde
1306 2387 1462 2428 reddat
1486 2387 1620 2428 dena—

140 2457 249 2508 rios,
285 2465 357 2498 aut
388 2465 636 2514 respectum
668 2456 772 2497 inde
800 2455 963 2496 habere
1000 2454 1142 2513 possit
1174 2454 1226 2495 de
1260 2454 1483 2495 voluntate
1516 2469 1623 2495 ven-

141 2523 314 2566 ditoris.

200 2617 271 2659 29.
307 2617 463 2660 Nullus
495 2617 846 2659 constabularius
874 2616 1113 2674 distringat
1139 2615 1329 2673 aliquem
1358 2615 1541 2656 militem
1570 2614 1624 2656 ad

144 2684 336 2726 dandum
361 2684 563 2726 denarios
585 2701 665 2742 pro
691 2684 889 2726 custodia
914 2685 1067 2735 castri,
1098 2684 1133 2724 si
1159 2684 1300 2724 facere
1321 2682 1507 2724 voluerit
1531 2698 1624 2723 cus-

147 2752 311 2794 todiam
338 2752 456 2793 illam
481 2753 526 2794 in
553 2751 732 2810 propria
754 2767 939 2809 persona
967 2766 1060 2803 sua,
1089 2751 1154 2792 vel
1179 2767 1258 2808 per
1285 2751 1417 2792 alium
1438 2750 1624 2807 probum
