1796 3153
279 210 335 239 112
614 208 808 238 ommes
832 207 911 238 DEs
935 197 1144 238 meminis
1168 207 1404 239 ANGLAISES

279 285 478 335 cationis,
521 284 814 334 anullationis,
865 284 1137 334 cassationis,
1192 284 1449 325 irritationis
1490 293 1531 325 et
1571 283 1735 326 decreti

278 352 416 393 nostri
460 361 653 393 tenorem
698 352 862 408 aliquid
909 360 1121 393 attentare
1166 361 1437 409 presumant.
1487 353 1573 394 Nos
1621 351 1736 392 enim

279 436 447 461 exnunc
481 420 649 460 irritum
686 419 963 460 decernimus
996 428 1039 460 et
1066 419 1217 469 inane,
1260 420 1295 460 si
1326 435 1450 459 secus
1486 435 1617 475 super
1652 418 1736 459 hiis

280 487 513 544 contigerit
548 487 768 527 attentari.
808 489 892 528 Per
929 488 1010 527 hoc
1047 495 1187 528 autem
1218 503 1305 527 non
1343 485 1611 527 intendimus
1642 487 1735 541 jus,

281 554 436 611 siquod
470 555 803 611 quibuscunque
853 554 1087 612 regnicolis
1128 554 1232 595 dicti
1278 552 1401 611 regni
1441 554 1481 594 in
1514 552 1738 610 premissis

280 631 378 663 ante
405 622 710 663 concessiones
739 622 986 677 hujusmodi
1020 638 1097 678 per
1123 631 1163 662 te
1194 622 1323 662 saetas
1355 621 1531 661 forsitan
1564 635 1739 676 compe-

282 690 414 740 tebat,
432 689 616 730 auferre.
638 688 754 731 Nulli
779 705 883 746 ergo
902 689 1079 729 omnino
1101 689 1324 729 hominum
1341 687 1465 728 liceat
1488 688 1597 727 hanc
1617 687 1739 744 pagi-

281 773 378 799 nam
404 766 527 798 noste
545 756 849 805 revocationis,
875 756 1168 805 anullatioliis,
1191 755 1462 804 cassationis,
1485 753 1739 795 irritationis

281 837 323 869 ct
345 826 670 869 constitutionis
697 826 950 883 infringere,
967 826 1032 867 vel
1055 826 1092 867 ei
1113 842 1217 866 ausu
1241 825 1470 866 temerario
1490 832 1637 865 contra
1660 823 1736 864 ire.

284 894 431 952 Siquis
473 903 613 935 autem
650 895 730 935 hoc
771 902 982 934 attentare
1020 893 1357 950 presumpserit,
1395 891 1740 949 indignationem

283 961 597 1019 omnipotentis
625 960 702 1001 Dei
735 970 774 1001 et
807 961 1032 1001 beatorum
1061 959 1177 1001 Petri
1203 968 1245 1000 et
1278 958 1414 1007 Pauli,
1447 957 1741 1015 apostolorum

282 1031 390 1085 ejus,
411 1045 455 1070 se
472 1028 636 1070 noverit
655 1028 943 1069 incursurum.
962 1029 1117 1068 Datum
1131 1026 1347 1084 Lugduni.
1369 1025 1448 1082 liij.
1466 1025 1548 1066 kal.
1566 1027 1738 1067 Jauuar.

282 1096 564 1138 pontificatus
586 1095 722 1137 nostri
743 1111 854 1136 anno
877 1096 1033 1152 primo.
