1796 3153
432 206 519 236 viu.
542 223 581 228 -
604 205 773 236 CHARTE
798 205 851 235 DE
876 204 927 234 LA
952 195 1092 235 FORET
1461 206 1499 234 co

30 286 104 326 bat
133 293 175 326 et
211 283 378 326 debuit.
409 283 475 325 Illi
510 272 651 325 autem
687 282 759 339 qui
796 291 971 339 portant
1002 298 1133 339 super
1163 282 1341 324 dorsum
1375 298 1498 323 suum

29 353 229 402 buscam,
260 351 489 403 corticem,
516 351 581 392 vel
608 351 865 400 carbonem,
894 350 947 391 ad
976 350 1274 401 vendendum,
1305 351 1499 407 quamvis

29 419 130 460 inde
154 419 314 470 vivant,
344 419 508 461 nullum
535 419 587 460 de
611 427 757 460 cetero
779 418 885 459 dent
907 417 1238 475 chiminagium.
1264 420 1328 459 De
1354 419 1499 459 boscis

29 496 172 529 autem
212 487 392 528 aliorum
430 487 595 528 nullum
632 486 760 527 detur
799 485 1110 544 chiminagium
1149 486 1378 527 l'oristariis
1412 488 1498 542 (sic)

29 556 207 606 nostris,
232 564 509 613 preterquam
539 554 591 595 de
617 554 852 595 dominicis
878 554 1023 594 boscis
1047 554 1249 594 nostris-¹.

89 649 155 690 15.
194 650 355 690 Omnes
387 649 567 707 utlagati
601 665 680 706 pro
717 649 876 689 foresta
910 656 1075 689 tantum
1109 664 1129 689 a
1158 656 1356 705 tempore
1385 648 1499 707 regis

29 717 205 758 l-Ienrici
228 717 291 758 avi
320 716 458 758 nostri
480 733 616 774 usque
643 715 695 758 ad
717 717 900 773 primam
927 715 1261 757 coronacionem
1283 724 1497 765 nostram,

27 784 202 825 veniant
229 785 281 826 ad
308 801 459 841 pacem
485 794 678 826 nostram
703 785 795 825 sine
824 783 1143 841 inpedimento,
1174 792 1216 825 et
1242 784 1380 825 salvos
1408 785 1501 841 ple-

27 854 123 910 gios
160 852 382 894 inveniant
417 853 533 910 quod
571 853 623 894 de
661 860 807 894 cetero
848 868 934 893 non
971 851 1240 893 forisfaciant
1280 852 1407 893 nobis
1448 852 1500 893 de

28 922 187 962 foresta
214 929 377 962 nostra.

89 1014 155 1056 16.
192 1015 345 1057 Nullus
377 1015 637 1057 castellanus
659 1015 724 1056 vel
748 1015 885 1055 aliusss
911 1022 1057 1055 teneat
1079 1014 1239 1071 placita
1261 1014 1313 1055 dc
1344 1014 1500 1055 foresta

28 1083 116 1124 sive
144 1083 197 1124 dc
222 1082 347 1124 viridi
374 1083 461 1124 sive
490 1083 542 1123 de
569 1083 828 1132 venaeionc,
857 1082 933 1123 sed
961 1082 1147 1139 quilibet
1174 1083 1425 1123 forestarius
1449 1082 1501 1123 de

28 1151 156 1191 feudo
193 1151 400 1192 attaehiet
437 1150 595 1208 placita
628 1151 681 1191 de
722 1151 881 1191 foresta
917 1158 1001 1190 tam
1037 1150 1089 1190 de
1125 1148 1251 1190 viridi
1287 1165 1413 1206 quam
1449 1149 1501 1190 de

27 1218 285 1270 venacione,
317 1227 358 1259 et
383 1235 431 1259 ca
452 1227 676 1275 presentet
702 1217 922 1258 viridariis
949 1217 1292 1274 provinciarum3
1321 1226 1377 1267 et,
1403 1233 1498 1258 eum

28 1286 254 1327 irrotulata
287 1286 447 1327 fuerint
476 1295 516 1326 et
546 1287 624 1327 sub
659 1286 814 1345 sigillis
842 1285 1144 1326 viridariorum
1178 1285 1366 1334 inclusa,
1401 1301 1500 1342 pre-

30 1363 258 1395 sententur
282 1354 456 1412 capitali
484 1355 740 1395 forestari03
768 1370 864 1395 cum
889 1353 931 1394 in
963 1362 1108 1410 partes
1130 1353 1226 1394 illas
1254 1354 1423 1395 venerit
1449 1353 1500 1394 ad

28 1422 265 1463 tenendum
290 1422 446 1480 placita
479 1424 652 1471 foreste,
682 1431 723 1462 et
751 1437 895 1463 coram
923 1437 973 1462 eo
998 1422 1304 1462 terminentur.

91 1517 156 1558 17.
194 1519 278 1558 Has
316 1526 459 1558 autem
489 1518 712 1558 libertates
744 1517 796 1557 de
823 1516 995 1557 forestis
1029 1516 1325 1556 concessimus
1360 1516 1500 1557 omni-

30 1585 131 1634 bus,
161 1584 288 1625 salvis
318 1584 684 1642 archiepiscopis,
711 1583 951 1641 episcopis,
978 1583 1234 1633 abbatibus,
1258 1583 1496 1640 prioribUS,

29 1650 284 1703 comitibus,
312 1654 573 1703 baronibus,
600 1651 810 1693 militibus
838 1661 880 1692 et
911 1652 1005 1692 aliis
1027 1660 1114 1692 tam
1136 1651 1336 1708 personis
1359 1651 1499 1692 eecle-

29 1720 215 1762 siasticis
263 1737 390 1778 quam
436 1721 727 1771 secularibus,
777 1720 1036 1776 Templariis
1081 1727 1124 1760 et
1168 1719 1495 1776 HospitalariiS,

27 1788 303 1829 libertatibus
335 1797 377 1830 et
406 1788 557 1829 liberis
586 1788 979 1829 consuetudinibus
1008 1787 1051 1828 in
1085 1786 1256 1828 forestis
1282 1796 1324 1828 et
1354 1796 1495 1838 extra,

26 1855 70 1897 in
102 1857 318 1898 warennis
350 1864 392 1897 et
418 1856 530 1909 aliis,
565 1872 670 1913 quas
701 1857 821 1913 prius
856 1857 1119 1897 habuerunt.
1154 1858 1316 1897 Omnes
1354 1864 1497 1897 autem

26 1925 130 1965 istas
167 1925 508 1966 consuetudines
546 1924 764 1981 predictas
796 1933 837 1965 et
866 1924 1109 1974 libertates,
1139 1940 1245 1981 quas
1278 1923 1498 1965 concessi-

27 2009 120 2033 mus
142 1992 185 2033 in
206 2009 341 2051 legno
364 2002 513 2034 nostio
537 1993 748 2034 tenendas
771 2000 980 2048 quantum
1003 1992 1055 2032 ad
1080 2008 1158 2032 nos
1182 1992 1374 2049 peltinet
1396 2009 1472 2050 elg
1477 2009 1497 2033 a

27 2069 215 2109 nostros,
255 2076 404 2101 omnes
442 2061 495 2101 de
532 2077 667 2114 iecrno
707 2060 884 2100 nostio4
916 2068 1003 2100 tim
1044 2059 1192 2100 elerici
1231 2075 1358 2116 quam
1401 2059 1497 2101 laici

27 2130 260 2170 obse1vent
289 2137 498 2185 quantum
531 2128 583 2169 ad
618 2144 661 2169 se
698 2128 889 2185 pertinet
925 2143 1027 2185 erga
1063 2129 1207 2168 suos5.
1249 2127 1357 2181 Quia
1396 2144 1496 2169 xero

67 2269 95 2297 ’1.
121 2268 215 2298 Cette
232 2268 386 2297 derni'ere
401 2268 527 2307 phrase
542 2268 677 2309 (depuis
694 2270 737 2297 De
757 2266 874 2308 boscis)
891 2277 1037 2307 mauque
1053 2266 1138 2296 dans
1163 2268 1247 2297 1225.

68 2310 96 2339 2.
128 2308 183 2339 Vel
201 2309 289 2339 alius
307 2320 453 2349 mamque
471 2309 556 2339 (lans
576 2310 665 2339 1225

68 2351 200 2380 &1225
216 2350 495 2391 ajoute1nost1fflo

67 2393 97 2422 ἰ.
123 2393 184 2422 Les
206 2396 294 2422 mots
316 2403 321 2422 ;
341 2395 407 2421 tam
427 2391 539 2421 clerici
556 2403 655 2432 quam
674 2391 764 2427 laici
784 2395 968 2432 manquent
986 2391 1015 2420 d
1010 2402 1071 2421 ins
1088 2392 1177 2421 1225.

68 2436 96 2463 5.
121 2435 145 2463 .A
161 2434 272 2473 partil
285 2434 326 2463 de
344 2438 396 2463 cet
409 2433 554 2468 endroit,
572 2434 604 2463 la
619 2433 677 2462 re'd
682 2433 794 2462 aetion
812 2433 852 2462 de
868 2434 945 2462 1225
963 2443 996 2462 se
1012 2433 1155 2463 termine
1171 2437 1385 2462 autremcnt:
1404 2445 1418 2461 «
1433 2433 1497 2462 Pro

27 2475 91 2504 hac
111 2475 217 2514 igitul
237 2475 456 2505 concessione
479 2479 512 2504 et
530 2475 717 2505 donaeione
738 2474 939 2504 libertatum
961 2474 1108 2504 istarum
1129 2478 1161 2503 ct
1184 2474 1332 2504 aliarum
1352 2474 1467 2504 libertz
1467 2486 1496 2503 1-

28 2519 99 2546 tum
122 2520 298 2546 contental
303 2528 358 2546 um
372 2517 407 2546 in
428 2516 550 2556 majoli
570 2520 664 2546 ca1ta
685 2520 803 2545 nostia
820 2516 859 2545 de
877 2515 954 2545 aliis
976 2515 1209 2551 libertatibus,
1229 2516 1495 2556 alchiepiscopi,

28 2557 198 2598 episcopi,
224 2558 384 2594 abbates,
413 2558 565 2598 priores,
591 2557 749 2591 comites,
774 2557 939 2591 barones,
965 2557 1108 2593 milites,
1136 2556 1243 2586 libere
1269 2561 1440 2591 tenentes,
1467 2562 1499 2587 et

28 2609 144 2628 omnes
167 2599 206 2628 (10
234 2610 338 2639 regno
362 2604 496 2635 nostro,
521 2599 688 2628 dederunt
707 2599 805 2628 nobis
830 2598 1157 2638 quintamdecimam
1183 2603 1319 2638 partem
1345 2598 1498 2628 omnium

28 2640 207 2670 mobilium
224 2651 376 2670 suorum.
393 2640 631 2670 Concessimus
648 2640 754 2670 eciam
769 2639 897 2669 eisdem
914 2651 977 2680 pro
995 2640 1093 2669 nobis
1115 2644 1147 2669 et
1166 2639 1350 2669 heredibus
1370 2640 1498 2670 nostris

29 2681 119 2722 quod
142 2692 200 2711 nec
221 2692 282 2711 nos
300 2693 360 2712 nec
377 2682 520 2712 heredes
539 2682 646 2712 nostri
667 2681 796 2721 aliquid
817 2681 1056 2721 perquiremus
1078 2691 1138 2721 per
1153 2681 1243 2721 quod
1263 2681 1441 2712 libertates
1464 2681 1499 2711 in

28 2723 91 2752 hac
111 2727 206 2753 carta
225 2727 380 2754 contente
397 2723 631 2763 infringantur
652 2723 706 2752 vel
724 2723 957 2755 infirmentur:
979 2727 1021 2760 et,
1039 2723 1064 2752 si
1082 2723 1123 2752 ab
1144 2722 1258 2763 aliquo
1277 2723 1408 2762 aliquid
1423 2733 1500 2752 eon-

29 2769 82 2794 tra
104 2764 167 2794 hoc
195 2765 422 2806 perquisitum
450 2766 567 2801 fucrit,
594 2763 698 2794 nichil
725 2765 835 2794 valcat
861 2768 893 2794 et
916 2774 979 2804 pro
1008 2764 1102 2794 nullo
1126 2764 1304 2795 habeatur.
1328 2764 1401 2794 Hiis
1428 2768 1498 2794 tes-
