1796 3153
494 216 534 246 11.
559 233 599 238 -
622 214 795 246 ana‘rE
819 215 877 245 nu
901 215 973 245 aoi
999 205 1187 245 ΕΤΙΕΝΝΕ
1559 214 1578 242 9

99 294 152 334 ab
191 293 447 334 Innocentio
476 300 622 333 sancte
652 307 826 332 romane
859 291 976 332 sedis
1012 291 1218 346 pontifice
1252 290 1574 339 confirmatus¹,

101 369 301 416 respectu
349 368 391 401 et
433 376 578 400 amore
623 359 703 399 Dei
747 367 938 399 sanctam
983 358 1210 398 ecclesiam
1257 357 1437 398 liberam
1483 373 1578 397 esse

101 427 319 476 concedo,
345 435 387 467 et
412 427 603 468 debitam
628 426 913 466 reverentiam
938 424 998 465 illi
1023 425 1250 465 confirmo.
1274 423 1417 465 Nichil
1442 440 1508 463 me
1535 424 1576 463 in

101 494 283 535 ecclesia
311 494 376 534 vel
406 495 535 534 rebus
563 492 874 534 ecclesiasticis
900 492 1137 533 simoniace
1163 500 1359 532 acturum
1388 491 1450 531 vcl
1480 507 1578 547 per-

102 564 335 605 missurum
372 580 465 604 esse
502 562 724 620 promitto.
769 561 1173 603 Ecclesiasticarum
1212 578 1496 618 personarum
1537 568 1579 600 et

102 631 292 672 omniurn
313 631 571 672 clericorum
592 639 634 671 et
655 646 797 671 rerum
821 646 969 671 corum
987 629 1207 685 justiciam
1229 640 1271 670 et
1299 637 1576 685 potestatem,

102 707 144 739 et
159 698 513 739 distributionem
537 698 753 738 honorum
777 697 1172 738 ecclesiasticorum
1202 696 1244 736 in
1267 713 1391 736 manu
1415 695 1580 752 cpisco-

102 781 256 821 porum
293 781 387 805 esse
423 765 633 822 perhibeo
672 774 713 806 ct
745 765 971 805 confirmo.
1009 765 1255 821 Dignitates
1295 764 1579 804 ecclesiarum

102 831 342 888 privilegiis
368 848 513 873 earum
544 831 820 873 confirmatas
852 840 894 873 et
921 831 1263 873 consuetudines
1292 847 1436 871 carum
1468 831 1579 870 anti-

102 914 188 955 quo
226 907 377 939 tenore
419 899 590 940 habitas
632 899 839 940 inviolate
886 915 1058 940 manere
1101 906 1242 939 statuo
1286 906 1327 938 et
1364 898 1573 938 concedo.

103 967 265 1006 Omnes
300 966 583 1007 ecclesiarum
618 967 921 1023 possessiones
952 975 991 1007 ct
1022 975 1221 1013 tenuras,
1254 981 1360 1021 quas
1398 965 1467 1005 ‹lic
1506 964 1574 1004 illa

102 1032 350 1073 habuerunt
391 1049 472 1089 qua
514 1034 762 1077 XVillclinus
805 1050 876 1074 rcx
926 1050 1027 1074 avus
1075 1049 1194 1073 meus
1246 1032 1323 1073 suit
1371 1032 1492 1073 vivus
1539 1040 1580 1072 et

105 1108 318 1149 mortuus,
344 1100 436 1141 sinc
462 1101 578 1141 omni
606 1101 993 1158 calumpniantium
1026 1100 1360 1148 reclamatione,
1389 1099 1449 1139 cis
1479 1099 1582 1139 libc-

107 1182 173 1207 ras
205 1176 246 1207 et
274 1168 494 1208 absolutas
526 1185 620 1209 esse
649 1169 857 1209 concedo.
892 1168 936 1209 Si
970 1168 1074 1224 quid
1106 1184 1205 1208 vero
1234 1168 1287 1208 dc
1322 1167 1482 1207 habitis
1512 1166 1578 1206 vel

106 1235 322 1290 possessis
353 1244 451 1276 ante
482 1244 662 1276 mortem
697 1235 891 1291 ejusdcm
924 1236 1037 1292 regis
1070 1236 1229 1291 quibus
1260 1234 1386 1275 inodo
1416 1242 1580 1280 carcat,

107 1301 288 1342 ecclesia
330 1303 537 1358 deinceps
578 1303 826 1359 repetierit,
868 1302 1141 1359 indulgentie
1182 1310 1223 1342 et
1263 1300 1582 1357 dispensationi

108 1384 201 1409 mee
221 1369 286 1409 vel
310 1370 625 1410 restituemlun]
652 1372 717 1410 vel
743 1369 1068 1410 discutiendum
1100 1385 1285 1409 rcscrvo.
1312 1371 1582 1424 Quccunquc

105 1452 205 1476 vcro
236 1445 336 1492 post
365 1446 546 1477 mortem
574 1438 712 1494 ipsius
742 1438 856 1494 regis
881 1437 1143 1477 liberalitate
1170 1452 1321 1493 regum
1352 1435 1416 1475 vcl
1446 1434 1581 1490 largi-

106 1503 225 1543 tione
252 1503 523 1560 principum,
555 1504 777 1544 oblatione
811 1504 876 1544 vel
911 1504 1259 1560 comparatione,
1288 1503 1352 1542 vel
1387 1502 1582 1558 qualibet

106 1572 469 1611 transmutatione
493 1571 685 1612 fidelium
706 1572 767 1611 eis
788 1571 942 1612 collata
967 1579 1088 1619 sunt,
1114 1572 1338 1611 confirmo.
1365 1571 1519 1610 Pacem
1543 1576 1584 1608 et

101 1637 322 1693 justiciam
343 1654 408 1678 me
432 1638 475 1678 in
498 1638 702 1679 omnibus
727 1638 937 1679 facturum
965 1646 1008 1678 et
1032 1654 1111 1695 pro
1137 1653 1266 1694 posse
1295 1653 1388 1677 meo
1411 1651 1585 1678 conser-

105 1712 301 1745 vaturum
326 1706 387 1745 eis
416 1705 642 1761 promitto.

165 1774 366 1813 Forestas
400 1788 506 1828 quas
535 1773 784 1817 XYillelmus
819 1789 919 1814 avus
950 1789 1069 1813 meus
1100 1781 1142 1813 et
1176 1772 1425 1816 willelmus
1454 1787 1588 1812 avun-

108 1839 229 1880 culus
254 1855 373 1880 meus
402 1840 688 1881 instituerunt
714 1849 756 1881 et
783 1841 1033 1881 habuerunt
1059 1839 1164 1880 mihi
1192 1855 1380 1880 reservo.
1407 1841 1584 1880 Ceteras

108 1923 258 1948 omnes
296 1922 401 1963 quas
434 1923 507 1948 rex
539 1909 754 1948 Heni-icus
780 1907 1102 1964 superaddidit,
1144 1907 1342 1948 ecclesiis
1375 1915 1419 1947 ct
1450 1921 1586 1964 regno

108 1975 278 2030 quietas
303 1975 440 2015 reddo
464 1983 505 2015 et
531 1975 740 2015 concedo.

168 2041 212 2083 Si
238 2042 335 2098 quis
363 2041 596 2098 episcopus
623 2042 689 2082 vel
715 2043 849 2082 abbas
874 2042 939 2082 vel
965 2042 1045 2082 alia
1072 2041 1371 2083 ecclesiastica
1399 2056 1587 2097 persona

109 2116 208 2148 ante
236 2117 419 2149 mortem
447 2124 564 2149 suam
594 2108 915 2149 rationabiliter
943 2125 1016 2149 sua
1049 2108 1328 2149 distribuerit
1349 2107 1415 2148 vel
1444 2106 1587 2148 distri-

109 2175 282 2215 buenda
320 2176 541 2225 statuerit,
585 2176 754 2216 firmum
785 2192 959 2216 manere
992 2176 1203 2217 concedo.
1239 2174 1284 2217 Si
1312 2191 1414 2216 vero
1450 2182 1589 2215 morte

108 2251 430 2298 preoccupatus
455 2243 599 2291 suerit,
625 2259 705 2299 pro
728 2243 865 2283 salute
888 2243 1030 2284 anime
1052 2245 1160 2299 ejus,
1181 2243 1364 2284 ecclesie
1384 2241 1584 2291 consilio,

109 2309 260 2349 eaden]
284 2309 356 2350 fiat
387 2309 657 2350 distributio.
690 2312 802 2350 Dum
832 2326 934 2350 vero
957 2310 1082 2350 sedes
1116 2309 1307 2366 propriis
1338 2309 1590 2365 pastoribus

111 2391 241 2416 vacue
264 2376 440 2426 fuerint,
461 2377 576 2433 ipsas
596 2386 638 2418 et
660 2393 808 2418 earum
826 2377 1128 2433 possessiones
1152 2393 1302 2418 omnes
1324 2378 1367 2417 in
1393 2392 1489 2416 man
1501 2392 1525 2416 u
1550 2384 1592 2416 et

150 2503 178 2533 1.
205 2504 251 2533 La
270 2503 363 2533 bulte
382 2504 579 2534 d'lnnocent
597 2505 638 2537 ΙΙ,
659 2508 678 2534 ἐι
696 2505 845 2545 laquelle
864 2505 888 2533 il
904 2509 955 2534 est
979 2505 1038 2534 fait
1057 2504 1205 2534 allusion
1227 2504 1281 2540 ici,
1302 2509 1353 2533 est
1375 2503 1589 2533 mentionnee

109 2544 195 2573 dans
219 2543 536 2575 Jaffe-Loewenfeld
561 2546 713 2587 (Hegesia
733 2545 929 2585 pontificum
951 2556 1177 2580 romanorum,
1200 2547 1231 2574 2⁶
1254 2545 1350 2585 edit.)
1376 2556 1418 2574 au
1442 2551 1477 2574 n⁰
1498 2546 1588 2580 7804,

109 2586 245 2624 d'apr'es
265 2585 298 2614 la
315 2586 411 2626 copie
430 2587 487 2626 qui
507 2597 541 2615 se
562 2591 681 2616 trouve
700 2587 785 2616 dans
808 2587 841 2616 la
859 2587 1046 2627 chronique
1068 2587 1107 2615 de
1126 2586 1274 2616 Richard
1293 2586 1333 2616 de
1354 2586 1505 2615 Hexham
1524 2586 1589 2625 (ed.

111 2626 274 2657 Ilowlctt.
296 2637 329 2666 p.
351 2627 442 2667 147);
466 2627 529 2656 elle
555 2627 640 2657 n’est
662 2639 724 2667 pas
747 2628 855 2657 (lutee.
879 2629 987 2667 Apr‘es
1012 2628 1134 2667 l'eloge
1156 2628 1195 2657 de
1220 2628 1321 2657 Henri
1342 2628 1392 2662 Iss‘,
1413 2627 1477 2656 elle
1494 2627 1590 2666 parle

110 2667 150 2695 dc
170 2667 321 2697 troubles
340 2668 397 2708 qui
415 2669 626 2706 menacaient
640 2669 670 2698 lc
690 2679 852 2708 royaume
865 2669 979 2708 quand
999 2669 1087 2698 enfin
1109 2680 1164 2698 «...
1187 2668 1322 2697 divinae
1337 2667 1512 2697 miseratio
1524 2667 1592 2707 pie—

111 2708 244 2738 tatis-2...
271 2709 442 2738 communi
477 2714 554 2739 voto
585 2714 617 2739 et
649 2710 803 2739 unanimi
833 2720 1003 2739 consensu
1031 2714 1098 2739 tam
1132 2720 1312 2749 procerum
1352 2719 1455 2748 quam
1487 2709 1590 2738 etiam

109 2749 228 2789 populi
248 2753 279 2779 te
298 2749 331 2779 in
353 2760 470 2791 regem
487 2751 614 2791 eligere
633 2755 664 2781 et
683 2762 701 2780 a
720 2751 919 2791 presulibus
937 2750 1034 2791 regni
1052 2750 1248 2781 consecrari
1269 2749 1459 2791 providit...
1482 2761 1496 2779 υ
