1796 3153
451 179 518 209 Vll.
545 196 581 200 —
608 177 778 209 GRANDE
804 176 974 207 enAR'sE
1001 177 1052 205 1)Ιί
1081 176 1209 205 lli-:Nm
1239 176 1279 204 111
1569 175 1605 204 47

125 267 166 299 et
199 260 448 298 animarum
480 264 808 297 antecessorum
842 262 884 295 et
915 268 1220 294 successorum
1251 260 1522 302 nostrorum,
1554 251 1606 292 ad

125 325 432 366 exaltationem
458 332 607 364 sancte
632 323 816 364 ecclesie
845 330 886 362 et
912 320 1262 361 emendationem
1288 319 1411 377 regni
1442 318 1605 369 nostri,

123 402 364 450 spontanea
386 401 424 432 ec
449 392 561 432 bona
583 390 800 431 voluntate
825 398 996 440 nostra,
1029 388 1224 429 dedimus
1249 397 1286 428 el
1316 389 1605 427 concessimus

125 460 485 517 archiepiscopis,
520 462 748 515 episcopis,
789 457 1040 506 abbatibus,
1072 457 1321 512 prioribus,
1357 456 1604 507 comitibus,

127 528 364 570 baronibus
385 536 423 568 ec
445 527 641 567 omnibus
663 526 713 566 de
735 541 865 583 regno
888 533 1033 565 nostro
1055 524 1135 565 lias
1158 524 1378 564 libet-tales
1396 524 1610 579 subscrip-

127 606 194 638 tas
213 596 421 636 tenendas
444 598 486 635 in
512 610 643 652 regno
669 602 816 634 nostro
836 592 992 650 Angli&
1017 595 1059 632 ιἰι
1079 601 1356 649 perpetuum.

189 689 391 745 1(1).[11
426 687 579 745 primis
610 687 907 728 concessimus
940 688 1032 727 Deo
1064 694 1105 726 et
1142 686 1222 726 hac
1262 686 1458 742 presenti
1496 693 1611 726 carta

129 765 275 798 nostra
300 756 652 797 confirmavimus
678 771 757 811 pro
782 754 909 795 nobis
936 762 978 794 et
1000 752 1239 794 heredibus
1264 752 1424 793 nostris
1448 752 1491 793 in
1518 768 1612 809 per-

129 834 307 882 petuum
330 823 447 881 quod
475 823 705 881 anglicana
729 822 913 863 eeclesia
934 820 1072 862 libera
1091 820 1163 871 sit,
1192 828 1234 860 et
1257 820 1415 860 habeat
1437 820 1581 861 omnia
1602 821 1610 847 ¹

124 894 220 948 jura
270 908 345 934 sua
383 892 555 949 integra
597 899 638 931 et
680 890 906 931 libertates
950 904 1048 930 suas
1093 888 1252 928 illesas.
1298 888 1609 929 Concessimus

131 961 259 1001 etiam
288 960 492 1001 omnibus
520 957 671 999 liberis
703 956 956 998 hominibus
984 957 1110 1013 regni
1142 956 1280 996 nostri
1308 971 1388 1012 pro
1419 955 1545 996 nobis
1574 964 1611 995 et

132 1027 369 1068 heredibus
395 1026 557 1067 nostris
580 1026 624 1066 in
653 1024 941 1082 perpetuum?
967 1039 1118 1065 omnes
1141 1023 1366 1064 libertates
1390 1023 1615 1079 subscrip-

132 1104 214 1144 tas,
240 1094 466 1136 habendas
493 1101 536 1134 et
561 1092 773 1134 tenendas
803 1092 864 1133 eis
887 1099 930 1133 et
956 1091 1195 1133 heredibus
1223 1091 1310 1131 suis
1338 1090 1391 1131 de
1420 1089 1547 1131 nobis
1575 1099 1615 1130 et

133 1163 370 1204 heredibus
394 1160 556 1203 nostris
580 1164 621 1201 in
641 1170 899 1218 perpetuum
917 1160 947 1200 3.

192 1256 216 1297 2
244 1256 312 1312 (2).
351 1256 398 1297 Si
425 1254 522 1312 quis
549 1254 757 1296 comitum
778 1254 845 1296 vel
871 1255 1082 1295 baronum
1112 1261 1360 1294 nostrorum
1392 1252 1479 1292 sive
1508 1251 1616 1292 alio-

136 1341 229 1366 rum
261 1323 513 1365 tenencium
545 1323 597 1364 de
629 1323 756 1364 nobis
791 1322 835 1363 in
872 1322 1013 1379 eapite
1047 1337 1126 1378 per
1162 1321 1393 1362 servicium
1430 1319 1616 1360 militare

136 1401 331 1433 mortuus
360 1391 505 1442 fuerit,
535 1399 601 1443 et,
630 1406 727 1432 cum
753 1389 992 1431 decesserit
1007 1389 1037 1439 4,
1066 1390 1194 1430 heres
1218 1390 1309 1444 ejus
1332 1388 1461 1445 plene
1491 1388 1617 1428 etatis

135 1461 265 1502 fuerit
285 1469 326 1501 et
353 1460 560 1500 relevium
583 1460 756 1510 debeat,
776 1459 935 1500 habeat
954 1458 1245 1499 hereditatem
1267 1472 1386 1498 suam
1407 1472 1486 1513 per
1513 1455 1619 1496 anti-

137 1545 270 1586 quum
300 1527 522 1579 relevium,
555 1527 722 1568 scilicet
748 1527 874 1568 heres
901 1526 968 1567 vel
996 1526 1182 1566 heredes
1211 1524 1383 1566 comitis
1413 1523 1466 1564 (10
1496 1524 1619 1564 baro-

139 1595 207 1637 nia
240 1595 412 1636 comitis
446 1595 648 1653 integra5
675 1611 754 1652 per
781 1603 957 1636 centum
987 1592 1143 1645 libras,
1179 1593 1307 1634 heres
1335 1592 1402 1633 vel
1434 1591 1620 1632 heredes

138 1664 316 1704 baronis
351 1663 404 1703 (10
438 1663 619 1704 baronia
657 1664 826 1720 integra
859 1678 937 1720 per
965 1670 1140 1702 centum
1172 1661 1306 1701 libras
1325 1661 1356 1711 ὓ,
1390 1660 1517 1700 110105
1553 1659 1620 1699 vel

138 1821 347 1852 venerabilis
363 1821 472 1861 patris
488 1821 596 1851 nostri
613 1820 743 1850 domini
758 1819 924 1851 Gualonis
943 1819 1044 1850 titulo
1064 1818 1179 1849 Sancti
1194 1817 1333 1848 Martini
1351 1817 1537 1858 presbiteri
1552 1828 1624 1846 cur-³

140 1863 267 1893 dinalis
286 1867 318 1893 01
336 1862 524 1903 apostolice
542 1862 632 1892 sedis
652 1862 768 1902 legati,
794 1861 923 1891 domini
942 1861 1083 1891 NValteri
1104 1859 1331 1890 Eboracensis
1356 1859 1622 1899 archiepiscopi,

140 1904 302 1934 Willelmi
324 1904 572 1934 Londoniensis
591 1903 745 1944 episcopi
764 1907 796 1933 et
815 1903 962 1933 aliorum
986 1903 1230 1942 episcoporum
1248 1900 1380 1941 Anglie‚
1405 1905 1438 1929 et
1459 1900 1625 1929 Willelmi

140 1945 329 1976 Μαι-15011111
347 1945 482 1975 comitis
499 1945 710 1981 Pembrocie,
731 1945 873 1974 rectoris
893 1944 1001 1974 nostri
1020 1948 1052 1974 01
1069 1943 1167 1983 regni
1187 1942 1307 1977 nostri,
1327 1946 1360 1971 et
1378 1941 1525 1972 aliorum
1545 1941 1624 1971 fido·

140 1987 237 2023 lium,
260 1987 425 2017 comitum
452 1991 484 2016 et
511 1986 681 2016 baronum
708 1991 907 2016 nostrorum
933 1986 1071 2026 Anglie,
1099 1985 1161 2015 has
1188 1984 1367 2014 libertates
1395 1983 1561 2013 tenendas
1590 1983 1623 2012 in

141 2038 248 2067 regno
269 2032 386 2058 nostro
407 2028 528 2068 Anglie
551 2028 586 2057 in
610 2032 828 2068 perpetuum.

183 2070 211 2099 1.
238 2070 317 2100 ‘1216
335 2073 367 2099 et
385 2070 462 2099 1217
481 2073 646 2099 omettent
666 2080 671 2099 :
691 2069 816 2099 omnia.

184 2112 212 2140 2.
239 2112 318 2141 1297
338 2110 450 2151 ajoute
471 2110 532 2140 lzas
550 2112 651 2150 apr'es
670 2110 701 2140 in
717 2115 926 2151 perpelnum.

183 2154 212 2182 3.
238 2153 317 2182 1216
335 2156 367 2182 et
385 2152 463 2181 1217
482 2156 647 2182 omettent
664 2152 713 2182 les
733 2156 820 2182 mots
840 2151 1094 2192 inperpetuum,
1114 2149 1171 2190 qui
1196 2159 1230 2179 se
1251 2153 1412 2179 trouvent
1436 2147 1626 2179 seulement

143 2193 228 2223 dans
247 2193 421 2233 l'original
439 2193 480 2223 de
501 2194 644 2223 Lacock.

183 2236 213 2265 4.
240 2236 349 2275 Api-es
368 2234 566 2271 decesserit,
584 2235 662 2264 1297
679 2234 791 2274 ajoute
809 2244 814 2263 :
834 2237 876 2263 et.

185 2279 214 2306 5.
240 2276 331 2306 Dans
353 2277 431 2306 1297
455 2286 460 2305 z
480 2276 623 2306 heredes
645 2275 779 2305 comitis
799 2275 839 2305 de
857 2275 1023 2305 comitatu
1043 2274 1190 2313 integro.

185 2319 215 2347 6.
240 2317 486 2358 L'Inspexl'mus
509 2317 549 2347 de
578 2318 655 2346 ’1297
686 2321 754 2347 met
780 2317 822 2346 ici
849 2327 999 2352 marcas,
1029 2326 1071 2345 au
1094 2315 1163 2345 lieu
1193 2314 1233 2344 de
1264 2313 1369 2344 libras
1396 2323 1461 2354 que
1491 2316 1629 2353 portent

145 2363 255 2388 tontes
276 2359 325 2388 les
348 2358 542 2389 redactions
565 2359 806 2398 authentiques
832 2358 890 2398 qui
914 2362 991 2387 sont
1014 2356 1238 2387 unterieures.
1259 2357 1305 2385 La
1325 2355 1422 2393 lecon
1441 2365 1573 2383 marcas
1594 2365 1628 2383 se

145 2404 324 2430 rencontre
353 2399 440 2440 deja,
469 2400 672 2439 cependant,
701 2400 787 2428 dans
815 2399 874 2429 des
901 2402 1008 2428 textes
1036 2398 1094 2438 qui
1121 2397 1272 2426 donncnt
1295 2399 1314 2426 ὲ
1331 2396 1500 2426 resseehir.
1524 2396 1563 2425 Je
1588 2406 1628 2424 110

147 2441 359 2472 m'arreterai
383 2452 445 2481 pas
470 2443 490 2470 ἐι
512 2441 546 2472 la
569 2441 744 2470 redaction
766 2440 806 2470 de
830 2440 863 2469 la
887 2440 1023 2470 Grande
1046 2440 1170 2469 Chai-te
1192 2438 1232 2468 de
1257 2439 1342 2468 Jean
1364 2438 1464 2477 qu'on
1483 2437 1523 2466 lit
1543 2437 1628 2466 dans

147 2483 298 2513 Mathieu
316 2483 355 2512 de
374 2482 488 2522 Paris,
510 2493 612 2523 parce
631 2492 694 2522 que
716 2482 746 2511 le
770 2481 950 2511 re'dacteur
969 2481 1080 2510 aurait
1104 2481 1170 2510 fort
1194 2480 1271 2509 bien
1296 2490 1342 2519 pu
1367 2479 1474 2508 eci-ire
1496 2489 1541 2507 un
1559 2482 1628 2507 mot

148 2535 236 2565 pour
255 2535 300 2553 un
324 2527 441 2560 autre;
461 2534 496 2553 ce
517 2534 558 2553 ne
582 2523 689 2553 serait
711 2534 774 2563 pas
796 2523 830 2552 la
852 2523 945 2552 seule
966 2522 1133 2551 infidelite-
1158 2521 1239 2550 faite
1259 2532 1303 2550 au
1327 2524 1415 2550 texte
1433 2520 1571 2549 officiel.
1590 2519 1629 2548 Je

147 2565 357 2595 n'insisterai
384 2575 447 2605 pas
472 2575 539 2594 non
563 2565 642 2605 plus
667 2575 726 2594 sur
748 2564 779 2594 le
805 2564 865 2593 fait
888 2574 952 2604 que
975 2563 1009 2593 la
1033 2562 1274 2593 confirmation
1299 2561 1338 2591 de
1359 2562 1393 2590 la
1416 2561 1542 2591 Chul-te
1566 2571 1631 2600 par

149 2607 252 2636 Henri
274 2606 320 2636 III
339 2606 384 2636 du
403 2607 438 2636 11
462 2606 585 2636 [0171101-
608 2606 647 2635 110
668 2606 702 2635 la
725 2607 776 2635 36e
801 2607 907 2635 anne'e
928 2605 1039 2634 donne
1061 2604 1253 2643 egalement
1275 2613 1424 2638 marcas,
1445 2612 1547 2642 parce
1566 2611 1630 2641 que

149 2652 235 2677 cette
260 2647 454 2682 iedaction,
480 2658 566 2677 nous
591 2647 723 2677 l'avons
748 2648 881 2676 mentre
905 2646 991 2676 dans
1020 2644 1296 2680 l'introduetion,
1320 2648 1371 2673 est
1393 2654 1472 2673 sans
1497 2643 1629 2672 valeur.

150 2689 235 2718 Mais
253 2689 278 2718 il
295 2693 347 2718 est
362 2688 572 2718 intel-essant
587 2688 627 2718 de
642 2692 817 2718 constater
831 2687 862 2717 10
876 2687 1096 2727 temoignage
1112 2687 1151 2715 de
1166 2686 1326 2721 Bracton,
1343 2685 1429 2715 livre
1446 2685 1486 2719 ΙΙ,
1507 2684 1559 2713 ch.
1579 2685 1629 2720 36,

151 2731 215 2769 221
232 2740 237 2760 :
257 2740 270 2759 ((
287 2729 395 2765 Quale
410 2730 454 2759 sit
468 2729 673 2760 rationabile
690 2729 855 2760 relevium
870 2729 1050 2768 antiquum
1064 2728 1104 2757 de
1122 2727 1219 2757 feodo
1235 2726 1390 2762 militari,
1405 2725 1633 2765 distinguitur
