1796 3153
262 207 318 246 110
595 215 790 246 CHARTES
815 216 894 246 Des
918 206 1129 247 MBERTi-is
1153 210 1391 248 ANGLAISES

386 557 631 602 xv11.-
668 557 865 602 ssULLE
903 558 990 604 Du
1028 558 1185 602 PAPE
1226 544 1520 604 CLEMENT
1556 560 1599 606 v

645 698 866 723 ANNCLAXT
899 699 948 723 LA
982 699 1146 724 GRANDE
1180 699 1340 724 CHARTF,

774 848 834 883 ¹29
856 848 1066 884 decembre
1092 848 1215 897 1305,

311 1127 472 1166 Comme
488 1128 523 1165 la
541 1127 648 1166 bulle
670 1128 905 1165 d'lnnocent
923 1127 994 1171 Ill,
1013 1128 1111 1165 celle
1131 1129 1178 1165 de
1196 1129 1379 1166 Clement
1393 1127 1425 1163 V
1443 1142 1463 1165 a
1485 1130 1545 1165 en}
1566 1128 1724 1178 publice

258 1191 460 1241 plusieurs
480 1191 569 1227 fois.
590 1190 676 1227 Elle
696 1203 737 1227 se
758 1199 896 1227 trouve
913 1191 1011 1227 dans
1031 1190 1089 1227 les
1108 1190 1291 1227 diverses
1313 1190 1487 1227 editions
1507 1191 1554 1227 de
1578 1191 1726 1240 Rymer

260 1256 292 1289 221
325 1253 359 1289 la
398 1253 514 1289 date.
549 1252 660 1289 Nous
688 1266 736 1289 ne
770 1252 924 1288 l'avons
960 1265 1031 1302 pas
1068 1254 1233 1289 trouvee
1270 1251 1525 1289 mentionnce
1556 1253 1654 1288 dans
1692 1251 1725 1288 le

257 1318 459 1364 Regestam
495 1316 700 1351 Clementis
732 1317 870 1362 Papae
904 1317 934 1348 Γ
967 1322 1071 1350 tome
1107 1313 1136 1354 Ι,
1169 1315 1296 1350 1883.
1330 1313 1440 1350 Nous
1469 1313 1503 1350 la
1537 1313 1726 1363 publions

258 1376 416 1425 d'apres
448 1374 669 1426 l'original,
701 1376 895 1412 conserve
930 1376 1028 1411 dans
1056 1375 1091 1411 la
1120 1374 1405 1425 Bibliotheque
1435 1374 1723 1418 Cottonienne‚

258 1437 481 1487 Vespasien
503 1436 566 1481 E.,
590 1439 629 1481 1;
656 1436 690 1473 Ie
714 1450 830 1474 sceau
853 1449 1036 1486 mamque.

315 1666 517 1708 Clemens
549 1664 803 1721 episcopus,
837 1679 986 1705 servus
1018 1678 1239 1704 servorum
1275 1663 1370 1704 Dei.
1410 1663 1644 1704 Carissimo
1680 1661 1725 1703 in

257 1733 431 1775 Christo
454 1732 541 1773 filio
567 1734 635 1782 E.,
667 1732 759 1789 regi
786 1731 941 1788 Anglie
967 1731 1141 1780 illustri,
1172 1731 1353 1771 salutem
1375 1739 1416 1771 et
1439 1729 1723 1787 apostolicam

256 1799 624 1842 benedictionem.
663 1798 836 1856 Regalis
874 1797 1117 1839 devotionis
1153 1799 1398 1855 integritas,
1431 1814 1513 1854 que
1548 1798 1589 1837 in
1631 1813 1724 1837 exc-

254 1868 438 1925 qucndis
480 1867 588 1908 votis
635 1866 874 1923 apostolice
915 1865 1030 1906 sedis
1076 1866 1191 1923 viget
1231 1874 1272 1905 et
1313 1864 1450 1920 viguit
1488 1864 1721 1913 indefessa,

255 1935 386 1993 digne
414 1943 604 1975 meretur
628 1942 673 1974 ut
701 1933 825 1974 sedes
855 1934 946 1989 ipsa
972 1949 992 1973 a
1019 1941 1061 1973 te
1090 1932 1276 1973 obnoxia
1311 1940 1526 1988 amputet,
1557 1931 1724 1972 abster-

257 2011 327 2059 gat
351 2001 593 2051 incomoda,
616 2008 659 2041 et
684 2001 901 2041 fructuosa
929 2008 1149 2057 procuret.
1174 2001 1288 2041 Sane
1307 2015 1444 2055 nuper
1463 1998 1594 2055 digna
1619 1997 1724 2038 rela-

257 2070 374 2110 tione
407 2068 683 2126 percepimus
720 2067 836 2124 quod
871 2076 911 2107 te
945 2066 1047 2108 olim
1074 2067 1118 2107 in
1151 2066 1369 2118 Flandria,
1400 2075 1441 2107 et
1472 2073 1569 2106 ante
1597 2080 1725 2121 quam

257 2137 359 2177 illuc
381 2136 508 2177 etiam
533 2134 809 2185 accessisses,
833 2150 911 2191 pro
938 2135 1002 2175 tui
1025 2133 1136 2190 juris
1158 2133 1343 2174 tuitione
1367 2140 1516 2174 contra
1537 2131 1726 2173 nonnul·

257 2202 321 2243 los
360 2210 457 2243 tuos
504 2202 668 2243 emulos
721 2210 764 2242 et
811 2202 960 2242 hostes
1001 2210 1187 2259 egente,
1234 2199 1432 2241 nonnulli
1475 2198 1598 2257 regni
1661 2197 1723 2239 tui

257 2278 476 2328 magnates
504 2278 547 2310 et
575 2269 743 2311 nobiles
765 2269 933 2326 alieque
961 2285 1146 2326 persone
1173 2276 1246 2309 tuo
1268 2267 1431 2309 nomini
1460 2267 1649 2317 inimice,
1674 2281 1725 2307 cx

256 2354 306 2378 eo
337 2336 631 2394 oportunitate
661 2345 829 2393 captata
861 2337 977 2392 quod
1006 2345 1124 2377 extra
1153 2351 1334 2393 regnum
1368 2336 1510 2391 ipsum
1538 2349 1723 2390 occupa-

255 2402 387 2453 baris,
412 2405 455 2444 in
483 2405 685 2461 opposito
711 2404 968 2453 emulorum,
1000 2404 1084 2444 nisi
1119 2402 1283 2443 eisdem
1305 2402 1513 2458 quasdam
1546 2416 1724 2441 conces-

255 2471 398 2512 siones
426 2472 561 2512 varias
579 2480 619 2511 et
647 2471 833 2528 iniquas,
855 2470 1054 2520 forestas,
1083 2470 1360 2526 aliaquejura
1386 2469 1438 2509 ad
1462 2483 1666 2509 coronam
1682 2476 1724 2508 et

255 2540 464 2579 honorem
480 2539 542 2579 tui
557 2538 756 2579 culminis
780 2538 1019 2594 spectantia
1035 2537 1087 2577 ab
1103 2538 1297 2593 antiquo,
1317 2552 1399 2592 que
1415 2536 1542 2576 etiam
1557 2568 1565 2584 ,
1585 2534 1722 2591 prius·

257 2622 382 2662 quam
401 2622 422 2646 a
444 2605 561 2647 dicto
578 2622 714 2662 regno
735 2605 977 2654 secederes,
995 2621 1016 2645 a
1038 2613 1078 2644 te
1096 2603 1343 2660 importune
1360 2603 1584 2659 petebant,
1602 2601 1722 2642 secis-

258 2689 340 2724 ses,
359 2681 506 2714 contra
521 2680 561 2713 te
576 2673 948 2729 conspiraverant,
972 2669 1450 2726 concitabantpopulos
1464 2677 1506 2709 et
1519 2668 1720 2709 scandala

258 2739 442 2796 plurima
473 2740 761 2790 seminabant,
785 2747 935 2796 tuque,
960 2738 1204 2796 prudenter
1239 2736 1410 2777 illorum
1436 2735 1719 2777 machinatio·
