1796 3153
265 228 303 255 50
607 227 801 256 CHARTES
827 226 904 259 DES
927 220 1136 258 LIBERTES
1161 230 1397 260 ANGLAISES

266 304 329 344 vel
358 319 436 360 pro
464 302 708 344 hereditate
741 320 838 353 sua,
869 320 995 360 quam
1030 306 1316 347 hereditatem
1348 307 1527 347 maritus
1558 323 1659 349 suus
1691 318 1734 350 et

264 372 356 427 ipsa
385 371 642 411 tenuerunt¹
676 371 745 411 die
773 370 917 412 obitus
939 371 1075 428 ipsius
1106 373 1262 423 mariti,
1288 381 1330 414 et
1357 383 1524 414 maneat
1545 375 1587 415 in
1613 377 1732 432 capi-

263 438 336 478 tali
369 438 560 495 mesagio
594 439 731 494 ipsius
767 438 907 479 mariti
941 439 1035 480 sui*2
1067 457 1144 497 per
1180 441 1467 498 quadraginta
1505 441 1597 482 dies
1634 452 1731 499 post

260 506 424 547 obitum
454 505 590 562 ipsius
616 507 756 547 mariti
785 506 865 555 sui,
895 506 1003 548 infra
1029 508 1167 564 quos-3
1194 507 1444 566 assignetur
1466 510 1505 550 ei
1532 509 1610 550 dos
1636 527 1726 561 sua,

260 577 344 614 nisi
362 577 487 630 prius
509 577 548 614 ei
561 575 694 631 fuerit
719 578 961 631 asm'gnaca,
984 575 1048 615 vel
1066 577 1152 615 nisi
1169 576 1319 616 (lomus
1342 576 1416 616 illa
1439 578 1491 617 sit
1513 587 1728 629 castr-unq

258 648 296 679 et
322 640 363 679 si
382 639 432 679 de
460 648 602 679 castro
631 643 872 689 recesserit,
900 642 1042 680 statim
1062 642 1347 697 provideatur
1374 643 1415 681 ei
1437 642 1587 682 domus
1613 659 1726 683 com-

253 715 400 762 petens
436 710 477 746 in
510 722 596 763 qua
622 711 759 763 possit
787 707 959 747 hones-le
987 710 1172 757 morari,
1205 725 1426 766 quousque
1460 710 1534 750 clos
1573 727 1653 750 sna
1691 713 1732 750 ei

255 776 502 830 assignetur
529 775 761 814 seeundum
793 775 907 831 quod
932 775 1171 831 predictum
1203 776 1317 829 est4;
1344 786 1382 816 et
1405 777 1563 817 habeat
1590 779 1725 817 ratio-

255 840 397 881 nabile
435 843 683 881 estoverium
728 858 852 882 snum
894 846 1061 882 interim
1101 844 1152 883 de
1197 848 1425 884 communi.
1470 844 1726 901 :lsscgnelur

255 917 395 948 antem
430 912 469 949 ei
497 925 577 966 pro
613 909 707 949 (loce
740 926 820 949 sua
854 914 986 950 tercia
1019 926 1127 967 pars
1160 914 1294 951 tocius
1329 921 1441 952 terre
1474 914 1625 952 mariti
1657 916 1725 953 sui

253 992 333 1033 que
354 992 435 1017 sua
451 977 537 1034 ficit
559 978 597 1016 in
622 978 704 1017 vita
733 993 835 1028 sua,
861 979 946 1017 nisi
967 978 1017 1018 de
1045 981 1203 1019 minori
1220 978 1371 1019 dotata
1387 980 1523 1037 sileri(
1547 980 1605 1020 ad
1631 979 1721 1020 hos-

252 1047 356 1084 tium
379 1044 567 1085 eeclesia.

308 1137 379 1194 (8).
416 1139 543 1181 Nulla
579 1139 707 1179 vidua
746 1139 1034 1197 distringatur
1071 1139 1124 1180 ad
1165 1156 1209 1180 se
1249 1140 1531 1181 maritandam
1548 1142 1578 1190 ³,
1618 1141 1717 1182 dum

249 1205 388 1247 vivere
422 1206 606 1247 voluerit
646 1208 738 1247 sine
780 1207 952 1257 marito,
992 1207 1048 1248 ita
1092 1215 1236 1248 tamen
1281 1208 1398 1265 quod
1440 1209 1716 1250 securitatem

249 1273 376 1314 saciet
399 1274 517 1331 quod
538 1291 582 1315 se
610 1291 694 1315 non
715 1275 933 1315 maritabit
955 1275 1046 1315 sine
1069 1291 1247 1316 assensu
1271 1284 1438 1326 nostro,
1458 1275 1492 1316 si
1515 1276 1569 1318 de
1593 1275 1716 1318 nobis

247 1342 451 1393 tenuerit,
476 1342 541 1382 vel
570 1341 663 1383 sine
691 1348 871 1383 assensu
898 1342 1062 1383 domini
1089 1342 1170 1394 sui,
1203 1342 1236 1383 si
1263 1343 1315 1384 de
1342 1343 1425 1384 alio
1450 1343 1652 1385 tenuerit.

302 1435 330 1478 8
350 1437 421 1492 (9)
457 1437 545 1478 Nos
566 1453 666 1478 vero
688 1437 750 1478 vel
773 1437 919 1477 ballivi
942 1437 1079 1478 nostri
1105 1453 1191 1478 non
1214 1437 1441 1479 seisiemus
1461 1447 1619 1479 terram
1643 1439 1713 1479 ali-

245 1519 371 1561 quam
416 1505 522 1545 nees’
566 1503 780 1545 redditum
823 1520 902 1561 pro
942 1504 1090 1545 debito
1131 1505 1274 1561 aliquo
1316 1505 1520 1562 quamdiu
1563 1505 1714 1546 catalla

243 1572 456 1613 debitoris
485 1576 714 1630 presencia
753 1570 996 1612 sufficiant7
1036 1572 1088 1613 ad
1127 1572 1321 1613 debitum
1362 1573 1634 1613 reddendum
1676 1583 1714 1613 et

243 1642 329 1696 ipse
359 1640 524 1680 debitor
545 1649 732 1697 paratus
767 1643 822 1680 sic
852 1641 947 1679 inde
976 1640 1261 1697 satis-facer&
1292 1656 1369 1680 nee
1404 1639 1539 1697 plegii
1575 1640 1711 1696 ipsius

241 1706 452 1748 debitoris
481 1707 801 1764 distringantur
823 1706 1026 1763 quamdiu
1053 1706 1146 1763 ipse
1173 1706 1368 1763 capitalis
1395 1706 1567 1747 debitor
1591 1707 1710 1747 suffi-

241 1773 325 1815 ciat
363 1775 415 1815 ad
453 1775 744 1816 solutionem8
779 1774 941 1825 debiti:
977 1783 1034 1824 et,
1077 1773 1111 1814 si
1150 1774 1347 1830 capitalis
1384 1774 1557 1815 debitor
1590 1774 1708 1814 dese-

240 1843 346 1883 cerit
384 1843 425 1883 in
473 1843 687 1884 solutione
733 1842 890 1891 debiti,
934 1858 1021 1882 non
1070 1842 1235 1882 habens
1280 1841 1394 1882 unde
1442 1841 1595 1882 reddat
1632 1851 1707 1882 auc

238 1911 416 1951 reddet-0
438 1911 541 1951 nolit
568 1927 661 1950 eum
683 1913 832 1967 possit,
859 1909 991 1966 plegii
1015 1908 1308 1965 respondeant
1335 1924 1414 1965 pro
1443 1908 1613 1958 debit0;
1645 1917 1702 1959 et,

238 1978 271 2018 si
297 1978 527 2027 volueriut,
560 1978 748 2018 habeant
773 1986 911 2018 terras
939 1985 981 2017 et
1008 1976 1205 2017 redditus
1233 1975 1444 2017 debitoris
1474 1991 1704 2033 quousque

237 2047 292 2087 sit
321 2046 382 2087 eis
415 2046 680 2087 satisfactum
708 2045 760 2086 de
796 2045 944 2086 debito
972 2044 1087 2101 quod
1116 2052 1214 2084 ante
1246 2059 1325 2100 pro
1357 2059 1406 2084 eo
1435 2043 1700 2092 solverunt9,

237 2114 320 2154 nisi
362 2113 558 2170 capitalis
600 2113 772 2153 debitor
808 2110 1111 2153 monstraverit
1150 2127 1195 2152 se
1232 2111 1332 2151 inde
1371 2126 1466 2151 esse
1507 2110 1701 2167 quietum

235 2196 383 2222 versus
410 2180 585 2221 eosdem
610 2179 796 2238 plegios.

275 2320 303 2348 1.
330 2318 419 2349 Dans
441 2319 517 2348 1216
537 2318 661 2348 et1217
679 2328 684 2347 2
703 2317 880 2347 tenuerint.

272 2364 300 2390 2.
327 2361 416 2390 Dans
435 2361 535 2390 1216:
553 2360 584 2388 in
603 2360 700 2388 domo
717 2358 832 2389 mariti
844 2358 907 2393 sui,
922 2363 955 2388 et
971 2357 1055 2387 dans
1076 2358 1151 2387 1217
1169 2368 1174 2386 ;
1193 2356 1224 2387 in
1243 2356 1384 2397 capitali
1398 2355 1568 2397 mesuagio
1582 2355 1699 2386 mariti

231 2414 293 2432 sm.

271 2445 301 2473 3.
328 2444 403 2472 1297
421 2442 534 2482 ajoute
552 2453 557 2471 :
577 2442 658 2471 dies.

270 2486 299 2513 4.
326 2484 509 2523 L'original
528 2483 568 2512 de
589 2483 739 2512 Durham
758 2486 854 2522 porte
880 2492 885 2511 2
910 2481 994 2511 sicut
1007 2480 1194 2521 predt'ctum
1219 2484 1276 2516 est,
1300 2491 1343 2510 au
1364 2480 1432 2509 lieu
1452 2479 1492 2509 de
1515 2478 1693 2508 secundum

252 2525 327 2555 uod.
351 2525 395 2554 La
416 2526 461 2554 fin
480 2525 525 2554 du
542 2524 773 2564 paragraphe,
793 2523 914 2563 depuis
931 2528 961 2552 et
980 2522 1114 2558 habeat,
1132 2532 1276 2562 manque
1295 2521 1380 2551 dans
1400 2521 1490 2550 1216.

270 2570 299 2596 5.
323 2567 402 2595 1216
424 2570 521 2606 porte
543 2565 788 2601 maritamhmm
811 2565 888 2594 1217
912 2563 1084 2603 remplace
1102 2563 1134 2592 la
1158 2563 1290 2603 syllabe
1308 2562 1408 2592 finale
1426 2572 1489 2602 par
1508 2571 1571 2590 une
1590 2560 1691 2590 abre-

229 2607 369 2637 viation.

267 2650 296 2678 6.
323 2649 400 2678 1297
421 2647 514 2678 avel.

269 2691 296 2719 7.
323 2690 402 2719 1216
415 2694 447 2719 et
464 2690 539 2718 1217
559 2699 564 2718 ;
584 2688 766 2728 sufficiunt.

266 2731 295 2759 8.
322 2731 398 2759 ’1297
418 2730 529 2769 ajoute
549 2741 554 2759 :
574 2730 688 2770 ipsius.

265 2773 293 2800 9.
320 2770 491 2802 Solverinl.
515 2771 600 2800 dans
620 2772 698 2800 121ίῖ
716 2775 745 2800 et
770 2770 855 2799 1217.
