1796 3153
125 211 196 241 XII.
214 229 252 234 —-
273 204 476 242 PETITION
500 209 787 241 CONCERNANT
811 209 861 239 LA
887 209 1039 239 TAILLE
1065 209 1230 240 ROYALE
1254 208 1363 248 (OCT.
1383 209 1475 248 1297)
1519 210 1557 237 89

85 290 247 330 habere
289 297 632 336 consueverunt3
675 295 717 327 et
758 285 792 326 si
830 295 979 327 contra
1018 286 1111 327 illas
1148 286 1213 326 vel
1252 301 1555 342 quemcunque

85 356 316 396 articulum
345 356 388 396 in
418 354 611 412 presenti
640 362 756 395 carta
788 362 1042 394 contentum
1071 362 1229 395 statuta
1257 354 1415 394 suerint
1440 352 1555 393 edita

83 440 162 480 per
198 440 275 464 nos
313 423 379 464 vel
422 438 500 479 per
541 429 841 462 antecessores
883 430 1071 471 nostros,
1112 421 1176 461 vel
1214 420 1554 462 consuetudines

84 491 350 541 introducto,
375 490 574 531 volumus
597 497 638 530 et
660 489 941 529 concedimus
963 489 1079 545 quod
1102 488 1351 545 hujusmodi
1376 504 1554 529 consue-

83 561 257 602 tudines
283 569 324 602 et
349 569 507 601 statuta
533 575 661 600 vacua
689 567 732 600 et
758 559 875 599 nulla
902 560 987 600 sint
1009 560 1051 599 in
1076 568 1352 616 perpetuum.

141 655 181 696 5.
218 654 480 697 Remisimus
512 655 646 695 eciam
675 654 902 694 Humsrido
929 654 981 694 de
1010 656 1143 695 Bown
1173 652 1320 694 comiti
1351 652 1554 693 Heresor-

83 722 152 763 die
180 732 222 763 et
252 723 450 771 Essexie,
481 721 806 763 constabulario
829 721 1010 779 Anglie,
1038 724 1212 778 Rogero
1243 722 1385 778 Bygot
1407 720 1554 761 comiti

82 790 331 839 Norffolcie,
360 790 614 831 marescallo
637 789 809 847 Anglie,
835 798 875 831 et
902 789 996 830 aliis
1016 790 1267 839 comitibus,
1295 787 1550 838 baronibus,

81 857 315 907 militibus,
341 858 589 914 armigeris,
620 856 807 897 Johanni
837 857 890 898 de
917 856 1129 898 Ferrariis
1155 874 1202 897 ae
1227 856 1430 897 omnibus
1459 855 1553 896 aliis

81 924 134 965 de
165 941 312 966 eorum
346 926 576 974 societate,
605 925 967 966 confederacione
997 934 1038 966 et
1064 924 1296 965 concordia
1327 923 1554 965 existenti-

80 993 182 1042 bus,
216 1009 387 1034 necnon
420 993 623 1033 omnibus
657 992 808 1050 viginti
849 993 1027 1033 libratas
1062 1001 1178 1033 terre
1218 992 1473 1033 tenentibus
1510 990 1553 1031 in

81 1076 217 1119 regno
254 1069 426 1111 nostro,
463 1060 550 1101 sive
589 1060 641 1101 de
676 1060 802 1101 nobis
839 1060 880 1101 in
917 1061 1080 1117 capite,
1114 1061 1202 1101 sive
1242 1060 1295 1100 de
1327 1059 1411 1100 alio
1445 1074 1554 1116 quo-

81 1144 252 1185 eunque
274 1128 347 1185 qui
371 1129 423 1169 ad
445 1128 816 1169 transfretandum
844 1128 1072 1169 nobiscum
1095 1129 1138 1169 in
1165 1127 1413 1169 Flandriam
1435 1135 1554 1168 certo

80 1195 151 1236 die
179 1204 329 1236 notato
360 1197 499 1237 vocati
531 1197 705 1237 fuerunt
738 1205 779 1237 et
814 1213 900 1236 non
930 1205 1166 1246 venerunt,
1198 1211 1425 1236 rancorem
1451 1210 1554 1235 nos-

80 1273 194 1304 trum
232 1273 273 1304 et
307 1264 461 1305 malam
498 1264 762 1305 voluntatem
794 1280 921 1321 quam
953 1280 1005 1304 ex
1035 1264 1177 1304 causis
1210 1262 1421 1320 predictis
1452 1278 1553 1320 erga

82 1347 155 1372 eos
179 1332 438 1381 habuimus3
469 1341 511 1372 et
540 1331 675 1372 eciam
704 1332 1104 1389 transgressiones,
1133 1331 1168 1371 si
1195 1346 1301 1387 quas
1331 1329 1460 1371 nobis
1486 1329 1554 1371 vel

83 1400 245 1440 nostris
272 1399 455 1440 fecerint
480 1415 617 1456 usque
645 1399 698 1440 ad
723 1398 942 1455 presentis
973 1407 1090 1439 carte
1122 1397 1462 1439 conseccionem.

140 1493 181 1533 6.
220 1495 273 1534 Et
316 1493 369 1534 ad
407 1495 611 1549 majorem
650 1494 779 1549 hujus
819 1492 880 1534 rei
924 1493 1225 1542 securitatem,
1266 1492 1463 1533 volumus
1513 1499 1556 1532 et

80 1561 361 1602 concedimus
398 1577 476 1617 pro
514 1561 641 1601 nobis
686 1569 727 1601 et
773 1561 1009 1602 heredibus
1050 1561 1212 1601 nostris
1251 1559 1368 1616 quod
1402 1575 1553 1600 omnes

80 1628 402 1686 archiepiscopi
449 1637 492 1669 et
533 1628 733 1686 episcopi
775 1628 931 1686 Anglie
978 1629 1020 1669 in
1070 1636 1329 1685 perpetuum
1374 1627 1418 1667 in
1465 1626 1553 1667 suis

81 1696 407 1737 cathedralibus
453 1696 673 1747 ecelesiis,
723 1696 871 1737 habita
920 1696 1115 1753 presenti
1165 1704 1281 1737 carta
1330 1704 1372 1736 et
1417 1695 1550 1744 lecta,

81 1765 464 1805 excommunicent
490 1764 687 1822 publice,
716 1773 759 1806 et
786 1765 827 1806 in
857 1765 1042 1823 singulis
1067 1764 1395 1822 parochialibus
1418 1763 1553 1804 eccle-

78 1832 153 1872 siis
187 1848 361 1872 suarum
392 1832 613 1873 diocesum
645 1834 1022 1874 excommunicare
1052 1849 1126 1873 seu
1154 1830 1551 1873 excommunicatos

78 1899 344 1941 denunciare
373 1899 529 1941 faciant
562 1901 626 1941 bis
662 1901 705 1941 in
737 1917 848 1941 anno
880 1917 1032 1941 omnes
1063 1901 1138 1957 qui
1172 1908 1323 1941 contra
1355 1908 1553 1940 tenorem

78 1969 296 2024 presentis
341 1977 458 2009 carte
507 1969 591 2009 vim
640 1978 682 2009 et
726 1968 929 2010 affectum
973 1969 1017 2009 in
1064 1984 1327 2025 quoeunque
1369 1967 1554 2008 articulo

81 2036 270 2076 scienter
297 2035 481 2077 fecerint
508 2045 581 2077 aut
607 2036 701 2077 fieri
727 2036 1058 2094 procuraverint
1082 2035 1410 2093 quoquomodo.

140 2130 179 2171 7.
217 2132 261 2171 In
293 2132 415 2186 cujus
446 2131 505 2172 rei
535 2132 835 2172 testimonium
860 2132 1056 2188 presenti
1085 2140 1202 2172 carte
1230 2130 1422 2188 sigillum
1454 2146 1555 2171 nos-

80 2206 194 2238 trum
232 2207 298 2238 est
343 2215 584 2255 appensum
629 2216 710 2240 una
758 2216 853 2240 cum
901 2199 1057 2257 sigillis
1098 2198 1552 2256 archiepiscoporum,

81 2266 405 2322 episcoporum,
454 2266 685 2317 comitum,
731 2267 942 2308 baronum
979 2275 1021 2307 et
1065 2266 1246 2307 aliorum
1286 2265 1359 2322 qui
1399 2273 1555 2322 sponte

76 2335 332 2389 juraverunt
365 2334 482 2390 quod
518 2343 714 2375 tenorem
749 2335 968 2391 presentis
999 2343 1138 2385 carte,
1170 2342 1382 2390 quatenus
1419 2333 1464 2373 in
1493 2332 1554 2373 eis

81 2408 167 2450 est,
198 2401 242 2440 in
267 2402 471 2441 omnibus
497 2410 539 2442 ct
568 2402 755 2460 singulis
781 2402 974 2443 articulis
1001 2403 1297 2443 observabunt
1317 2410 1360 2442 et
1384 2400 1436 2441 ad
1462 2402 1554 2456 ejus

80 2468 432 2509 observacionem
457 2469 688 2510 consilium
707 2486 830 2510 suum
853 2479 894 2512 et
917 2469 1123 2511 auxilium
1146 2469 1273 2510 fidele
1295 2469 1556 2526 prestabunt

80 2550 125 2575 m
148 2544 425 2592 perpetuum.
