1796 3153
263 183 299 211 26
597 182 793 212 CHARTES
818 183 895 214 mis
921 181 1130 213 MBERTES
1154 183 1390 215 ANGLAISES

316 258 426 296 C'est
452 258 612 309 d'apres
637 272 702 296 ces
731 258 945 310 originaux
972 273 1049 310 que
1078 259 1324 298 Blackstone
1349 269 1400 307 et,
1431 264 1549 312 apres
1577 262 1646 309 lui,
1674 264 1733 301 les

263 319 441 357 editenrs
469 321 540 357 des
571 324 755 365 Statutes‚
786 329 855 357 ont
884 320 1096 371 reproduit
1125 320 1160 357 le
1188 330 1294 359 texte
1325 322 1500 374 integral
1530 324 1602 362 des
1634 325 1735 362 trois

265 380 449 418 Chartes.
465 381 666 419 L'edition
682 383 753 419 des
769 384 939 419 stannes
955 382 1104 420 sournit
1118 383 1227 420 aussi
1244 385 1314 421 des
1330 384 1532 423 variantes
1548 399 1735 437 emprun-

263 444 346 479 tees
376 445 395 479 ἐι
426 444 497 480 des
525 443 664 494 copies
693 444 746 480 du
772 451 918 494 temps,
948 443 1047 481 mais
1078 458 1154 494 que
1185 458 1287 482 nous
1315 459 1440 483 avons
1467 460 1536 484 cru
1564 447 1738 497 pouvoir

263 503 465 554 negliger‚
496 513 535 541 et
562 504 741 542 contient
770 518 823 542 un
850 505 1067 543 fac-simile
1095 508 1218 556 grave
1246 507 1294 544 de
1322 507 1358 543 la
1385 507 1532 546 Charte
1559 509 1607 546 de
1638 509 1736 546 1225

264 579 340 615 que
362 578 464 603 nous
486 579 611 604 avons
635 580 682 604 eu
704 575 995 605 constamment
1013 580 1110 605 sous
1130 567 1187 604 les
1209 581 1328 619 yeux.

316 627 479 664 Comme
498 628 598 664 dans
617 627 652 664 le
671 635 776 665 texte
798 628 971 679 original
991 629 1038 664 de
1060 628 1095 664 la
1114 629 1249 666 charte
1267 630 1315 666 de
1341 631 1453 675 1215,
1480 630 1537 668 les
1556 631 1733 676 articles,

263 689 362 725 dans
385 688 483 725 celle
508 690 555 726 de
580 689 694 735 1225,
722 698 792 727 ont
812 692 873 727 ete
892 690 1013 727 (ἔοι-115
1033 691 1150 727 d'une
1171 691 1280 728 seule
1302 700 1457 737 teneur,
1483 693 1576 730 d'un
1600 694 1694 730 bout
1717 696 1737 730 εὶ

263 749 415 787 l’autre.
438 750 548 788 Nous
570 764 695 788 avons
714 751 1021 788 naturellement
1043 754 1238 789 conserve
1257 752 1291 788 la
1311 752 1485 789 division
1507 767 1554 790 en
1574 754 1734 791 articles

263 810 390 848 usitee
416 812 515 849 dans
538 812 596 849 les
619 812 793 849 editions
820 814 1034 850 modernes
1052 812 1077 849 ¹.

324 1040 535 1080 Henrieus
561 1040 640 1082 Dei
667 1039 807 1097 gratia
834 1056 907 1081 rex
937 1041 1116 1098 Anglie,
1148 1041 1348 1082 dominus
1377 1042 1619 1098 Ilyberuie,
1652 1042 1738 1085 dux

265 1106 546 1157 Normannie,
571 1107 804 1163 Aquitanie
830 1116 871 1148 et
897 1124 1040 1149 comes
1069 1109 1336 1167 Andegavie,
1365 1109 1733 1167 archiepiscopis,

265 1173 500 1231 episcopis.
526 1174 774 1225 abbatibus,
805 1175 1042 1232 prioribus,
1071 1177 1321 1227 comitibus,
1347 1177 1600 1227 baronibus,
1628 1178 1738 1219 vice-

265 1241 512 1292 comitibus,
539 1242 797 1299 prepositis,
825 1242 1036 1283 ministris
1064 1252 1106 1284 et
1133 1244 1334 1284 omnibus
1363 1244 1532 1285 ballivis
1561 1252 1603 1285 et
1630 1245 1736 1286 fide-

265 1308 378 1349 libus
407 1309 495 1350 suis
524 1318 773 1366 presentem
799 1319 959 1351 cartam
986 1310 1273 1367 inspecturis,
1300 1311 1500 1352 salutem.

323 1378 336 1404 '3
354 1376 511 1418 Sciatis
535 1377 652 1433 quod
680 1393 775 1428 nos,
802 1377 963 1418 intuitu
990 1377 1068 1419 Dei
1091 1387 1132 1419 et
1154 1394 1233 1435 pro
1256 1378 1393 1419 salute
1419 1380 1560 1420 anime
1591 1387 1736 1420 nostre

309 1557 335 1588 1.
359 1557 450 1587 Nous
473 1557 628 1588 donnons
652 1569 693 1588 en
719 1563 796 1589 note
819 1559 869 1588 les
900 1559 1071 1589 variantes
1103 1559 1254 1590 fournies
1288 1571 1351 1599 par
1383 1560 1416 1589 la
1445 1559 1606 1590 collation
1634 1561 1674 1590 de
1706 1561 1738 1591 la

265 1598 400 1629 Grande
424 1599 549 1628 Charte
571 1600 610 1628 de
637 1600 716 1629 1225
739 1600 784 1640 (9⁶
807 1602 913 1629 annee
939 1601 978 1629 (10
1001 1601 1103 1630 Henri
1128 1601 1187 1647 Ill)
1207 1611 1288 1630 avec
1308 1601 1357 1639 lles
1382 1601 1574 1631 redactions
1594 1601 1634 1631 de
1658 1603 1738 1632 ’12115

264 1639 321 1680 (1¹⁶
339 1642 458 1680 annee)
477 1645 509 1669 et
527 1640 566 1670 de
589 1641 662 1670 1217
679 1641 723 1680 <2⁰
738 1643 857 1682 annee)
877 1646 908 1671 et
926 1652 1007 1671 avec
1021 1642 1253 1681 l'lnspexzmus
1271 1642 1465 1672 d‘Edouard
1483 1643 1495 1671 I
1512 1642 1628 1682 (1297).
1646 1643 1737 1672 Nous

265 1691 370 1711 avons
390 1681 451 1710 fait
470 1681 650 1721 imprimer
668 1692 707 1711 en
732 1681 843 1712 lettres
865 1682 1021 1722 italiques
1040 1683 1088 1712 les
1109 1687 1208 1717 mots,
1230 1683 1374 1723 phrases
1396 1694 1438 1713 ou
1462 1683 1600 1713 articles
1622 1684 1678 1724 qui
1698 1695 1737 1713 ne

264 1722 413 1762 figurent
426 1733 489 1762 pas
507 1722 592 1753 dans
610 1723 644 1752 la
665 1722 800 1753 Grande
820 1723 943 1753 Chartc
958 1724 997 1753 de
1017 1724 1105 1753 1215.
1126 1724 1187 1753 Les
1206 1727 1368 1754 numeros
1388 1724 1447 1754 des
1466 1724 1603 1754 articles
1621 1725 1737 1765 places

264 1767 358 1793 entre
376 1763 599 1803 parentheses
618 1764 794 1794 renvoient
815 1775 880 1794 aux
897 1765 1034 1794 articles
1055 1764 1094 1794 de
1114 1765 1146 1794 la
1166 1765 1300 1795 Grande
1319 1765 1443 1795 Charte
1461 1765 1501 1795 de
1526 1766 1612 1795 1215.

306 1805 334 1833 2.
361 1804 405 1833 Ce
423 1805 643 1844 paragraphe
664 1804 783 1834 differe
802 1805 887 1835 dans
905 1806 954 1835 les
977 1806 1062 1835 deux
1080 1806 1215 1835 chartes
1237 1806 1276 1836 de
1296 1807 1374 1836 ’1216
1393 1810 1425 1835 01
1446 1807 1535 1835 1217.

307 1845 431 1875 Charte
455 1845 495 1875 de
517 1846 622 1875 1216:
649 1846 772 1876 Sciatis
797 1857 876 1881 nos,
902 1847 1027 1876 intuitu
1056 1847 1113 1876 Dei
1140 1852 1171 1876 et
1198 1858 1260 1887 pro
1286 1847 1395 1876 salute
1422 1847 1533 1876 anime
1562 1852 1678 1878 nostre
1708 1851 1740 1877 et

265 1886 419 1915 omnium
439 1891 696 1916 antecessorum
716 1891 749 1917 et
769 1898 1006 1917 successorum
1023 1892 1236 1921 nostrormn,
1260 1888 1301 1917 ad
1321 1889 1485 1918 honorem
1510 1888 1567 1917 Dei
1591 1893 1623 1918 et
1646 1888 1740 1918 exal-

265 1927 429 1957 tationem
446 1932 561 1958 sancte
575 1928 716 1957 ecclesie
734 1932 765 1958 et
782 1929 1054 1959 emendationem
1071 1929 1167 1969 regni
1186 1930 1306 1965 nostri,
1322 1940 1382 1969 per
1397 1929 1579 1959 consilium
1597 1940 1739 1960 venera·

265 1968 388 1997 bilinm
411 1973 551 2008 patrum
573 1973 771 1999 nostrorum
793 1970 921 1999 domini
947 1970 1111 2001 Gualonis
1136 1970 1235 2000 titulo
1262 1971 1370 2000 sancti
1398 1970 1535 2000 Martini
1555 1970 1740 2010 presbiteri

265 2009 470 2045 cardinalis,
498 2010 687 2049 apostolice
717 2010 807 2040 sedis
837 2011 960 2050 legati,
986 2011 1078 2041 Petri
1102 2011 1363 2047 W'intoniensis,
1388 2011 1523 2042 Reineri
1548 2012 1588 2041 de
1615 2012 1740 2041 Sancto

265 2050 414 2090 Asapho,
433 2051 578 2080 Jocelini
594 2051 851 2081 Batthoniensis
870 2056 901 2081 et
920 2051 1181 2087 Glastoniensis,
1203 2052 1351 2082 Simonis
1374 2052 1586 2088 Exoniensis,
1602 2052 1739 2082 Ricardi

266 2091 515 2127 CicestriensiS,
535 2092 697 2122 Willelmi
716 2093 980 2128 coventriensis‚
1001 2093 1174 2123 Benedicti
1190 2093 1371 2128 Roffensis,
1392 2093 1528 2123 Henrici
1544 2093 1740 2124 Landaven-

268 2131 325 2168 sis,
343 2133 567 2169 Menevemis,
583 2134 815 2173 Bangorensis
830 2138 862 2163 et
877 2134 1045 2173 Sylvestri
1058 2134 1315 2174 Wygorniensis
1330 2134 1584 2174 episcoporum,
1600 2138 1633 2164 et
1647 2134 1740 2164 nobi-

266 2173 350 2202 lium
386 2173 540 2203 virorum
577 2174 739 2204 Willelmi
774 2174 980 2211 Mariscalli,
1017 2175 1151 2205 comitis
1190 2176 1393 2210 Penbrocie,
1434 2176 1569 2206 Ranulfi
1605 2175 1739 2206 comitis

267 2213 413 2248 Cestrie,
449 2215 612 2244 willelmi
646 2215 685 2244 de
720 2216 886 2245 Ferrariis
919 2216 1054 2246 comitis
1087 2216 1246 2251 Derebie,
1279 2217 1438 2246 willelmi
1469 2216 1604 2246 comitis
1635 2217 1740 2246 Albe-

268 2255 386 2290 marle,
405 2255 547 2286 Huberti
566 2256 606 2285 de
626 2256 740 2296 Bul-go
755 2256 941 2296 justiciarii
960 2257 1087 2293 nostri,
1115 2257 1268 2287 Savarici
1289 2257 1328 2287 de
1347 2257 1552 2292 Maloleone,
1579 2257 1740 2287 Willelmi

266 2295 461 2335 Brigwerrc
480 2297 599 2336 patris,
619 2297 780 2326 Willelmi
800 2298 993 2338 Brigwerre
1012 2298 1084 2333 filii,
1107 2298 1246 2328 Roberti
1267 2299 1307 2328 de
1326 2299 1508 2338 Curtenay,
1530 2298 1677 2328 Falkcsii
1699 2298 1740 2327 de

266 2336 428 2367 Breaute.
455 2338 634 2377 Reginaldi
655 2338 695 2367 de
720 2339 879 2373 Vautort,
902 2339 1041 2369 Walteri
1063 2339 1102 2368 de
1124 2340 1241 2378 Lascy,
1262 2340 1416 2380 Hugonis
1435 2340 1474 2369 de
1496 2338 1737 2373 Mortuomm‘i,

266 2377 433 2406 Johannis
452 2377 492 2407 de
510 2379 713 2414 Δ1101101111110,
733 2379 870 2409 walteri
893 2379 932 2409 de
951 2380 1182 2419 Bellocampo.
1201 2380 1340 2410 Walteri
1359 2381 1399 2410 de
1419 2380 1561 2410 clifford
1575 2405 1581 2415 ,
1602 2379 1739 2410 Roberti

268 2417 308 2446 de
337 2418 578 2454 Mortuomari,
607 2420 767 2449 willelmi
798 2420 838 2450 de
871 2421 1070 2460 Cantilupo,
1105 2421 1230 2451 Mathei
1255 2421 1317 2451 filii
1346 2421 1540 2457 Hereberti,
1572 2420 1740 2451 Johannis

268 2458 466 2494 Mariscalli,
487 2461 583 2490 Alani
600 2461 730 2496 Basset,
751 2461 902 2501 Philippi
918 2461 958 2491 de
976 2462 1165 2498 Albiniaco,
1178 2462 1346 2492 Johzmnis
1366 2463 1524 2492 Extranei
1542 2466 1575 2492 et
1593 2462 1740 2492 aliorum

268 2499 422 2529 fidelium
444 2505 656 2535 nostrornm,
673 2501 832 2542 inprimis
851 2503 1062 2533 concessisse
1087 2503 1154 2533 Deo
1179 2507 1210 2533 et
1234 2503 1297 2533 hac
1321 2503 1470 2544 presenti
1495 2508 1589 2534 carta
1613 2503 1739 2533 confir-

269 2551 419 2570 masse...

309 2581 433 2612 Charte
451 2582 491 2611 de
511 2583 588 2612 1217
608 2593 613 2612 1
635 2583 758 2613 Sciatis
777 2584 878 2624 quod,
900 2584 1024 2614 1111111111
1040 2585 1097 2614 Dei
1117 2590 1149 2614 01
1166 2596 1228 2625 pro
1245 2585 1356 2615 salute
1371 2585 1482 2614 anime
1496 2589 1611 2614 nostre
1625 2589 1657 2615 01
1671 2584 1741 2614 uni-

270 2632 403 2652 marum
430 2627 684 2653 antecessorum
713 2629 745 2654 et
772 2635 1009 2654 successorum
1040 2629 1254 2661 nostrorum,
1285 2626 1330 2655 ad
1358 2626 1598 2656 exaltationem
1626 2629 1740 2656 sancte

268 2663 409 2693 ecclesie
433 2668 465 2693 et
489 2664 760 2695 emendationem
786 2666 881 2705 regni
909 2667 1034 2702 nostri,
1059 2667 1290 2697 concessimus
1321 2671 1352 2696 et
1377 2667 1440 2697 hac
1468 2667 1620 2707 presenti
1645 2670 1740 2696 carta

268 2705 547 2735 confirmavimus
577 2716 639 2746 pro
672 2706 771 2736 nobis
797 2711 829 2737 et
852 2707 1036 2738 heredibus
1062 2708 1190 2738 nostris
1218 2707 1251 2738 111
1278 2712 1502 2748 perpetuum,
1530 2708 1570 2738 de
1596 2707 1740 2738 consilio
