1796 3153
237 221 275 250 58
576 219 770 249 CHARTES
797 219 874 248 DEs
900 205 1108 249 LlssERTEs
1133 218 1368 249 ANGLMSEs

239 299 468 354 episcopis,
509 296 761 346 abbatibus,
794 297 1041 354 prioribus,
1085 296 1345 353 templariis,
1384 295 1700 352 hospitalariis,

239 365 477 413 comitibus,
505 364 739 404 baronibus
763 373 800 403 et
821 364 1016 404 omnibus
1035 363 1133 403 aliis
1153 373 1239 403 tam
1260 363 1556 403 ecclesiasticis
1573 379 1702 420 quam

238 431 509 472 secularibus
535 433 735 488 personis
773 430 990 472 libertates
1020 441 1057 471 et
1085 430 1214 471 libere
1243 430 1569 471 consuetudines
1595 446 1704 489 quas

233 501 359 557 prius
381 499 629 539 habuerunt
647 499 673 538 ¹.

295 565 395 622 (60).
435 567 598 607 Omnes
619 573 761 606 autem
784 565 888 606 istas
911 565 1250 607 consuetudines
1273 565 1491 621 predictas
1514 573 1556 605 et
1576 564 1704 605 liber-

237 634 376 675 tates‘3
397 649 503 691 quas
532 632 826 674 concessimus
852 633 893 674 in
919 649 1053 690 regno
1082 642 1230 674 nostro
1255 632 1467 673 tenendas
1495 640 1703 689 quantum

237 700 290 742 ad
318 717 396 742 nos
425 701 618 758 pertinet
648 717 749 759 erga
778 702 994 751 nosti-053,
1023 716 1173 742 omnes
1203 700 1255 741 de
1287 716 1422 758 regno
1448 707 1597 740 nostro
1619 708 1703 740 tam

237 767 387 808 cleriei
415 783 543 824 quam
579 768 677 809 laici
708 769 939 809 observent
969 775 1177 824 quantum
1210 767 1262 808 ad
1299 783 1343 807 se
1377 767 1568 823 pertinet
1603 782 1703 824 erga

238 834 380 877 suos4.
412 836 502 876 Pro
537 836 618 876 liae
651 845 791 876 autem
831 839 1098 876 concessione
1130 844 1168 875 et
1199 835 1428 875 donatione
1459 834 1703 875 libertatum

238 906 420 945 istarum
452 913 489 943 et
518 903 708 944 aliarum
738 904 983 944 libertatum
1009 912 1304 943 contentarum
1335 906 1376 943 in
1404 911 1530 942 carta
1556 911 1705 942 nostra

237 970 287 1011 de
309 970 576 1012 libertatibus
595 973 772 1029 foreste,
796 972 1123 1028 archiepiscopi,
1148 972 1346 1027 episcopi,
1371 970 1564 1020 abbates,
1585 972 1706 1027 prio-

237 1055 327 1088 res,
365 1041 559 1089 comites,
588 1040 793 1089 barones,
823 1039 997 1089 milites,
1023 1040 1152 1079 libere
1180 1048 1388 1088 tenentes,
1420 1047 1457 1078 et
1487 1053 1630 1078 omnes
1656 1037 1706 1077 de

237 1122 368 1164 regno
419 1115 564 1147 nostro
611 1107 820 1147 dederunt
869 1107 989 1147 nobis
1040 1107 1233 1163 quintam
1287 1106 1494 1146 decimam
1531 1113 1704 1162 partem

237 1178 424 1215 omnium
456 1174 673 1215 mobilium
710 1191 903 1215 suorum.
947 1175 1240 1216 Concessimus
1276 1176 1403 1213 etiam
1439 1173 1592 1213 eisdem
1622 1188 1706 1229 pro

237 1243 356 1283 nobis
391 1252 430 1282 et
460 1243 688 1283 heredibus
721 1244 879 1283 nostris
904 1242 1020 1300 quod
1047 1258 1121 1281 nee
1155 1257 1230 1281 nos
1260 1257 1335 1281 nec
1368 1241 1543 1281 heredes
1571 1241 1711 1281 nostri

236 1310 406 1368 aliquid
431 1313 735 1367 perquiremus
760 1327 843 1366 per
875 1310 990 1368 quod
1019 1309 1237 1350 libertates
1271 1312 1313 1349 in
1347 1308 1427 1349 liae
1459 1317 1583 1348 carta
1611 1323 1704 1348 con-

277 1448 304 1478 1.
332 1448 422 1477 Dans
442 1448 531 1483 1297,
547 1448 580 1478 la
599 1448 644 1478 fin
659 1447 699 1477 de
718 1448 862 1478 l'artiele
880 1452 931 1478 est
949 1448 1036 1478 ainsi
1052 1457 1177 1487 conque
1198 1458 1203 1477 :
1220 1451 1288 1477 tam
1310 1445 1542 1476 ecclesiasticis
1553 1446 1704 1486 personis

237 1499 335 1529 quam
354 1488 572 1525 secularibus,
594 1500 705 1519 omnes
724 1489 894 1520 libertates
916 1493 945 1519 et
966 1488 1067 1519 libere
1088 1487 1342 1518 consuetudines
1363 1498 1447 1529 quas
1464 1487 1558 1528 prius
1576 1486 1703 1518 habue-

238 1534 326 1561 runt.

278 1572 307 1601 2.
332 1572 424 1601 Dans
447 1572 521 1602 1297
542 1582 548 1601 ;
571 1574 690 1602 Omnes
709 1577 819 1602 autem
842 1571 1097 1602 consuetudines
1115 1575 1145 1601 et
1164 1570 1335 1601 libertates
1350 1570 1533 1612 predictas.

277 1614 306 1642 3.
332 1613 378 1643 La
398 1613 637 1643 confirmation
660 1614 700 1643 de
721 1613 753 1644 la
775 1615 826 1643 360
847 1616 953 1643 anni-e
977 1614 1017 1643 de
1041 1612 1144 1643 Henri
1166 1613 1211 1642 ΙΙΙ
1235 1611 1347 1652 ajoute
1367 1623 1373 1642 2
1396 1612 1559 1647 homines,
1580 1611 1636 1652 qui
1655 1615 1703 1641 est

238 1665 302 1683 nne
320 1654 430 1684 bonne
448 1654 555 1693 legon.

277 1697 305 1724 4.
331 1697 439 1735 Apr'es
460 1696 509 1725 les
533 1700 621 1725 mots
642 1707 647 1725 :
670 1707 750 1737 erga
775 1707 868 1732 suos,
889 1696 921 1726 la
941 1696 1058 1726 charte
1079 1696 1118 1726 de
1141 1697 1219 1726 1216
1245 1698 1277 1724 et
1303 1696 1386 1727 celle
1414 1695 1453 1725 de
1480 1695 1556 1725 1217
1576 1705 1610 1724 se
1635 1698 1703 1723 ter-

238 1736 368 1766 minent
387 1736 637 1766 differemment
659 1748 664 1766 ;

279 1778 367 1814 1216,
383 1782 447 1807 art.
466 1779 503 1807 42
523 1789 528 1807 z
546 1778 633 1813 Quia
648 1788 728 1807 vero
743 1778 888 1818 quedam
904 1778 1055 1818 capitula
1071 1778 1104 1808 in
1118 1779 1226 1819 priori
1243 1779 1316 1821 (sic)
1331 1783 1424 1810 carta
1443 1777 1705 1807 continebantur

236 1829 300 1888 gue
313 1819 433 1858 gravia
446 1824 478 1849 et
489 1819 695 1849 dubitabilia
707 1819 922 1855 videbantur,
935 1820 1063 1850 scilicet
1076 1820 1115 1849 de
1128 1822 1293 1860 scutagiis
1305 1826 1337 1851 et
1349 1819 1484 1851 auxiliis
1497 1817 1702 1850 assidendis.

261 1870 276 1889 e
289 1860 414 1889 debitis
428 1860 615 1890 Judeorum
631 1865 663 1890 et
677 1860 836 1895 aliorum,
851 1866 883 1891 et
897 1861 937 1891 de
953 1861 1110 1891 libertate
1127 1863 1267 1892 exeundi
1284 1863 1324 1893 de
1342 1872 1459 1902 regno,
1473 1860 1526 1889 vel
1541 1858 1703 1889 redeundi

236 1901 270 1931 in
290 1912 444 1941 regnum,
467 1906 499 1931 et
516 1902 555 1932 de
576 1901 711 1931 forestis
729 1906 761 1931 et
780 1902 968 1932 fore‹tariis
981 1927 987 1938 ,
1006 1903 1178 1932 warennis
1195 1907 1227 1932 et
1243 1902 1486 1935 warennariis,
1506 1905 1538 1930 et
1561 1900 1600 1929 de
1621 1910 1704 1929 con-

238 1942 476 1971 suetudinibus
498 1943 732 1978 comitatuum,
749 1947 781 1973 et
795 1943 834 1973 de
849 1943 989 1983 ripariis
1008 1948 1040 1973 et
1056 1954 1173 1973 earum
1191 1945 1404 1978 custodibus,
1430 1941 1560 1983 placuit
1578 1951 1703 1981 supra-

237 1983 336 2012 dictis
354 1984 498 2023 prelatis
513 1988 546 2014 et
563 1984 784 2024 magnatibus
803 1995 840 2014 ea
858 1995 932 2014 esse
950 1984 982 2013 in
1001 1989 1159 2024 respectu
1176 1996 1352 2027 quousque
1371 1984 1505 2026 plenius
1523 1982 1704 2012 consilium

236 2024 478 2057 habuerimus:
504 2030 535 2055 et
558 2030 637 2055 tunc
664 2025 827 2055 faciemus
854 2026 1054 2066 plenissime
1081 2030 1151 2055 tam
1180 2027 1220 2055 de
1245 2028 1311 2057 hiis
1339 2037 1442 2067 quam
1467 2025 1507 2053 de
1538 2023 1614 2053 aliis
1639 2033 1702 2063 que

235 2066 445 2095 occurrerint
461 2066 684 2099 emendanda.
702 2077 764 2106 que
779 2067 821 2096 ad
837 2078 1051 2097 communem
1067 2067 1219 2097 omnium
1235 2069 1415 2098 utilitatem
1432 2064 1658 2107 pertinuerint
1672 2068 1704 2093 et

235 2117 358 2176 pacem
385 2111 418 2136 et
451 2112 577 2137 statum
610 2111 766 2137 nostrum
793 2112 824 2138 et
856 2108 951 2148 regni
981 2108 1101 2138 nostri.
1134 2108 1220 2143 Quia
1253 2120 1333 2140 vero
1369 2108 1523 2148 sigillum
1551 2105 1703 2136 nondum

262 2147 438 2180 abuimus.
461 2153 656 2188 presentem
680 2152 812 2178 cartam
834 2149 960 2189 sigillis
982 2149 1189 2179 venerabilis
1207 2151 1317 2191 patris
1336 2149 1443 2180 nostri
1462 2147 1590 2178 domini
1612 2147 1703 2177 Gua-

236 2188 325 2218 lonis
349 2189 439 2218 tituli
472 2190 579 2219 sancti
602 2190 738 2219 Martini
766 2191 948 2230 presbiteri
972 2191 1175 2227 cardinalis,
1199 2192 1386 2231 apostolice
1409 2190 1499 2220 sedis
1523 2188 1646 2229 legati,
1671 2191 1704 2216 et

236 2230 396 2259 willelmi
412 2231 598 2260 Mariscalli
616 2231 750 2261 comitis
769 2231 953 2261 Penbrocie
971 2232 1112 2261 rectoris
1133 2233 1241 2262 nostri
1260 2237 1293 2262 et
1311 2233 1408 2272 regni
1424 2230 1544 2266 nostri,
1562 2229 1702 2259 fecimus

234 2271 395 2311 sigillari.
416 2271 574 2301 Testibus
597 2272 755 2302 omnibus
774 2273 1021 2312 prenominatis
1045 2277 1077 2302 et
1097 2273 1174 2302 aliis
1198 2274 1328 2303 multis.
1353 2274 1477 2303 Datum
1499 2282 1560 2312 per
1580 2280 1702 2300 manus

236 2311 469 2350 predictorum
496 2313 624 2342 domini
651 2313 756 2352 legati
781 2318 813 2343 et
839 2314 999 2344 willelmi
1026 2313 1212 2344 Mariscalli
1235 2314 1370 2345 comitis
1399 2312 1583 2344 Penbroeie
1610 2310 1699 2352 apud

236 2353 439 2382 Bristollum
457 2354 657 2383 duodecimo
679 2354 732 2384 die
750 2355 947 2384 novembris
963 2365 1051 2385 anno
1065 2355 1163 2395 regni
1181 2356 1289 2386 nostri
1304 2356 1427 2396 primo,

278 2394 366 2429 1217,
384 2399 447 2425 art.
468 2396 507 2424 46
524 2406 529 2424 :
548 2395 660 2424 Salvis
679 2396 961 2436 archiepiscopis.
982 2396 1153 2436 episcopis
1166 2420 1172 2431 ,
1189 2397 1385 2432 abbatibus,
1402 2395 1576 2437 prioribus
1588 2419 1594 2430 ,
1613 2398 1701 2423 tem—

234 2434 367 2474 plariis,
384 2435 633 2475 hospitalariis,
648 2436 842 2472 comitibus,
854 2437 1053 2472 baronibus,
1068 2441 1100 2466 et
1113 2438 1271 2467 omnibus
1285 2438 1362 2468 aliis
1374 2442 1446 2467 tam
1460 2434 1701 2466 ecclesiasticis

234 2476 391 2515 personis
407 2487 510 2516 quam
529 2477 753 2513 secularibus,
769 2478 986 2508 libertatibus
1002 2482 1035 2508 et
1048 2477 1166 2508 liberis
1184 2479 1489 2509 consuetudinibus
1505 2487 1589 2518 quas
1605 2475 1700 2516 prius

237 2517 442 2547 habuerunt.

275 2559 323 2587 47.
356 2559 546 2588 Statuimus
565 2559 679 2594 etiam,
697 2559 735 2589 de
752 2560 922 2590 communi
942 2560 1084 2590 consilio
1104 2561 1212 2591 tocius
1230 2560 1327 2601 regni
1342 2560 1462 2595 nostri,
1479 2560 1569 2600 quod
1587 2558 1700 2589 omnia

239 2602 348 2628 mstra
371 2599 581 2636 adulterina,
604 2600 762 2630 videlicet
780 2612 818 2631 ea
842 2611 905 2641 que
926 2612 943 2631 a
965 2601 1134 2641 principio
1158 2613 1281 2642 guerre
1302 2606 1390 2632 mote
1414 2601 1502 2630 inter
1524 2600 1701 2630 dominum

234 2639 425 2670 Johannem
454 2645 588 2681 patrem
616 2646 771 2671 nostrum
798 2647 830 2672 et
853 2643 1000 2672 barones
1028 2654 1106 2673 suos
1133 2643 1253 2684 Anglie
1279 2645 1475 2674 constructa
1499 2642 1624 2672 suerint
1648 2641 1699 2670 vel

234 2681 440 2717 reedificata,
467 2682 584 2712 statim
607 2682 798 2712 diruantur.
825 2683 911 2719 Quia
934 2694 1014 2714 vero
1039 2684 1189 2714 nondum
1210 2684 1393 2714 habuimus
1419 2683 1590 2723 sigillum,
1612 2682 1699 2712 hanc

239 2721 398 2763 [cartam]
425 2723 550 2769 sigillis
571 2723 698 2753 domini
720 2724 823 2764 legati
849 2724 994 2765 predicti
1016 2729 1048 2754 et
1070 2725 1204 2756 comitis
1226 2725 1387 2755 willelmi
1411 2724 1597 2755 Mariscalli
1624 2733 1698 2753 rec-

236 2763 319 2793 toris
343 2763 476 2804 [nostrl]
499 2769 531 2795 et
548 2765 643 2805 regni
663 2766 769 2796 nostri
791 2765 930 2796 fecimus
950 2766 1107 2806 sigillari.
