1796 3153
252 232 306 263 lV.
334 250 369 255 —
394 225 601 263 PETITION
626 232 706 262 DES
731 232 899 263 BARONS
925 233 950 262 A
973 231 1076 263 JEAN
1103 233 1208 263 SANS
1234 234 1373 265 TERRE
1513 236 1549 265 17

65 309 418 365 prewntatione,
450 325 530 350 nec
556 309 713 365 aliquis
740 309 796 349 ob
818 310 901 349 hoc
927 308 983 349 sit
1008 310 1299 351 summonitus
1325 312 1408 351 nisi
1427 313 1547 367 jura-

65 383 181 416 tores
202 384 244 416 et
266 376 349 416 duc
375 384 537 433 partes.

122 468 165 515 9.
204 471 261 511 Ut
289 469 401 510 libcr
429 469 559 510 homo
587 469 848 510 amercietur
868 485 947 525 pro
970 485 1098 525 parvo
1124 469 1284 511 delicto
1309 472 1549 514 secundum

65 535 242 577 modum
270 535 443 587 delicti,
468 544 525 585 et,
556 551 636 592 pro
662 551 818 592 magno
847 535 1029 587 delicto,
1062 537 1304 578 secundum
1336 539 1549 597 magnitu-

65 602 212 643 dinem
268 603 439 654 delicti,
493 603 610 643 salvo
662 603 991 644 continemcnto
1041 620 1141 655 suo;
1188 604 1374 646 villanus
1420 607 1549 646 ctiam

64 670 217 710 eodem
249 670 376 711 modo
407 669 687 720 alncrcietur,
724 670 840 711 salvo
871 672 1099 727 waynagio
1132 688 1233 723 suo3
1265 680 1308 713 ct
1336 682 1550 714 mercator

63 737 215 777 eodeni
241 737 390 786 modo,
417 737 530 777 salva
554 737 848 787 marcandisa,
868 753 946 794 pcr
968 747 1287 779 sacramentum
1311 740 1548 796 proborum

62 803 289 845 hominum
316 804 370 845 de
397 803 584 844 visneto.

123 897 189 939 10.
227 899 282 940 Ut
310 897 497 938 clericus
526 897 791 938 amercictur
820 898 873 938 de
903 897 1013 938 laico
1046 898 1173 939 feodo
1202 915 1279 940 suo
1308 901 1548 942 secundum

62 964 234 1006 modum
264 964 448 1006 aliorum
475 964 793 1022 predictorum,
825 973 866 1005 ct
893 981 980 1006 non
1012 966 1252 1007 secundum
1282 968 1544 1009 beneficium

61 1032 426 1074 ecclesiasticum.

123 1127 190 1168 11.
227 1129 290 1169 Ne
315 1127 459 1184 aliqua
485 1127 587 1168 villa
611 1126 871 1168 amercictur
899 1143 980 1184 pro
1008 1127 1218 1184 pontibus
1249 1128 1460 1170 faciendis
1492 1130 1544 1170 ad

64 1195 263 1252 riparias,
288 1195 372 1236 nisi
399 1196 473 1236 ubi
496 1195 548 1235 de
568 1196 666 1251 jure
691 1195 932 1251 antiquitus
961 1212 1056 1236 csse
1083 1196 1298 1237 solebant.

123 1297 190 1339 12.
228 1300 284 1340 Ut
313 1314 515 1339 mensura
544 1298 658 1349 viui,
692 1298 832 1348 bladi,
864 1306 907 1339 et
936 1298 1193 1339 latitudines
1229 1315 1473 1356 pannorum
1506 1308 1549 1341 et

64 1382 208 1407 rerum
237 1365 434 1416 aliarum,
468 1365 749 1417 emendetur3
779 1375 821 1407 et
848 1367 906 1407 ita
933 1366 987 1407 de
1009 1366 1296 1423 ponderibus.

123 1468 188 1511 13.
228 1471 285 1512 Ut
311 1468 446 1510 assise
471 1469 525 1510 de
553 1485 660 1510 nova
683 1468 915 1510 dissaisina
940 1477 982 1509 et
1004 1469 1056 1510 de
1084 1477 1223 1510 morte
1252 1469 1545 1511 antecessoris

62 1536 396 1588 abbrevientur3
421 1545 461 1577 et
488 1536 690 1577 similiter
713 1536 765 1577 de
791 1536 886 1577 aliis
910 1536 1076 1577 assisis.

123 1639 188 1680 14.
227 1641 283 1681 Ut
318 1638 462 1679 nullus
500 1639 743 1679 vicecomes
788 1638 1053 1679 intromittat
1087 1654 1132 1679 se
1181 1638 1234 1678 de
1274 1637 1448 1695 placitis
1492 1638 1545 1679 ad

61 1721 265 1747 coronam
293 1705 619 1763 pertinentibus
649 1706 741 1746 sinc
773 1706 1137 1757 coronatoribus;
1170 1713 1213 1746 et
1243 1713 1289 1746 ut
1317 1706 1546 1746 comitatus

61 1782 102 1814 et
120 1773 339 1814 hundredi
360 1774 446 1814 sint
468 1773 520 1814 ad
543 1774 742 1829 antiquas
760 1772 905 1814 firmas
929 1773 1094 1830 absque
1114 1772 1232 1813 nullo
1250 1772 1540 1823 incremento,

61 1842 254 1898 exceptis
277 1841 509 1882 dominicis
537 1841 743 1882 maneriis
771 1842 905 1898 regis.

123 1944 192 1985 15.
230 1943 276 1986 Si
301 1944 458 2003 aliquis
487 1952 642 1985 tenens
670 1944 722 1985 dc
744 1960 847 2002 rege
873 1944 1099 1992 moriatur,
1124 1943 1275 1984 licebit
1300 1943 1546 1984 vicecomiti

59 2011 125 2052 vel
148 2011 220 2052 alii
242 2011 400 2052 ballivo
423 2012 540 2069 regis
565 2011 718 2052 seisirc
743 2020 785 2052 et
805 2011 1065 2052 imbreviare
1085 2011 1287 2052 catallum
1309 2010 1448 2067 ipsius
1467 2027 1546 2068 per

59 2079 197 2119 visum
225 2078 429 2136 legalium
455 2080 697 2129 hominum,
728 2078 784 2120 ita
814 2087 959 2119 tamen
990 2079 1105 2135 quod
1132 2078 1269 2119 nichil
1297 2078 1399 2119 inde
1425 2094 1544 2119 amo-

59 2155 225 2196 veatur,
263 2146 405 2187 donec
438 2146 612 2203 plenius
651 2146 812 2187 sciatur
850 2147 893 2186 si·
925 2146 1083 2186 debeat
1117 2145 1295 2202 aliquod
1328 2144 1545 2201 liquidum

62 2213 260 2254 debitum
291 2213 469 2254 domino
499 2214 611 2272 regi,
649 2222 692 2254 et
723 2223 827 2254 tunc
861 2213 1056 2254 debitum
1089 2213 1205 2270 regis
1240 2213 1544 2269 persolvatur3

61 2279 285 2321 residuum
309 2297 409 2322 vero
438 2280 710 2337 relinquatur
735 2280 1040 2321 executoribus
1066 2281 1118 2321 ad
1141 2279 1389 2321 faciendum
1409 2289 1545 2322 testa-

63 2359 255 2391 mentum
286 2350 506 2401 defuncti3
539 2358 581 2391 et
612 2350 644 2390 si
682 2350 817 2391 nichil
850 2351 944 2409 regi
977 2351 1178 2401 debetur,
1213 2350 1358 2391 onmia
1392 2351 1546 2392 catalla

61 2426 218 2467 cedant
241 2427 464 2467 defuncto.

122 2519 189 2561 16.
228 2519 275 2561 Si
298 2520 454 2576 aliquis
477 2521 590 2561 liber
616 2521 747 2562 homo
773 2520 1005 2562 intestatus
1034 2521 1295 2571 decesserit,
1327 2521 1442 2562 bona
1469 2536 1545 2562 sua

61 2602 139 2643 per
169 2602 343 2628 manum
374 2589 671 2644 proximorum
700 2598 930 2645 parentum
958 2605 1134 2630 suorum
1163 2597 1206 2629 et
1233 2588 1469 2630 amicorum
1502 2597 1544 2629 et

65 2669 145 2710 per
166 2655 305 2695 visum
329 2655 515 2703 ecclesie
542 2655 879 2697 distribuantur.

123 2754 190 2796 17.
226 2757 289 2798 Ne
311 2756 438 2797 vidue
461 2756 781 2815 distringantur
801 2758 854 2799 ad
875 2774 920 2799 se
938 2757 1244 2810 maritandum,
1270 2758 1372 2799 dum
1394 2758 1538 2799 volue-

166 2848 196 2874 C.
218 2849 344 2875 Biiuorzr.
364 2863 399 2871 -
413 2850 520 2876 Char-ees
535 2851 578 2876 des
597 2850 698 2876 liberte's
712 2852 850 2885 anglaises.
1460 2852 1475 2875 2
