1796 3153
307 223 343 253 V.
367 240 408 244 ——
431 221 603 253 GRANDE
627 221 798 253 CHARTE
824 222 877 252 DE
901 221 1005 252 JEAN
1031 222 1136 252 SANS
1159 222 1300 253 TERRE
1510 225 1547 256 27

68 299 185 356 quod
211 298 452 355 Anglieana
481 297 666 340 ecelesia
691 298 827 339 libera
853 299 924 348 sit,
956 307 998 338 et
1025 299 1183 338 habeat
1205 300 1302 353 jura
1331 315 1404 339 sua
1435 299 1546 341 inte-

65 382 158 424 gra,
191 375 233 408 et
252 366 476 407 libertates
499 381 598 407 suas
620 366 787 416 illesas3
816 375 853 406 ec
873 369 933 406 ita
952 366 1145 406 volumus
1165 367 1410 419 observari}
1434 370 1550 425 qnod

66 444 249 490 apparel
277 450 330 474 ow
360 450 406 474 eo
436 433 553 491 quod
584 433 824 474 libertatem
858 434 1127 484 electionum,
1164 450 1245 490 que
1277 437 1475 476 maxima
1509 444 1547 477 ec

65 504 206 559 magis·
244 503 492 542 necessaria
535 509 765 557 reputatur·
803 500 996 541 Ecclesia
1036 500 1300 557 Anglicane,
1346 518 1468 543 mera
1508 512 1548 544 et

64 578 305 625 spontanea
339 568 578 618 voluntate,
616 577 716 608 ante
747 568 1009 608 discordiam
1045 571 1155 608 inter
1183 584 1260 608 nos
1288 578 1326 609 ec
1361 570 1546 611 barones

65 646 234 677 nostros·
254 645 430 687 motam,
454 637 740 676 concessimus·
759 644 797 675 et
822 645 947 675 carta
975 645 1126 676 nostra
1143 635 1151 663 ¹
1170 636 1542 690 eonfirmccvitmcs,

64 712 102 744 ec
137 720 231 743 eam
262 704 525 743 obtinuimus
553 718 577 741 a
607 703 777 742 domino
800 718 921 759 papa
951 703 1199 742 Innocentio
1230 706 1360 743 tem-io
1389 704 1545 758 confir-

64 772 202 822 nnn-[5
234 787 364 828 (suam
396 779 434 810 et
461 786 538 810 nos
564 770 889 810 observabimus·
915 779 953 810 et
981 770 1035 810 ab
1063 770 1292 810 heredibus
1321 774 1478 811 nostris
1503 775 1546 812 in

59 847 315 895 perpetuum
342 839 453 877 bona
473 837 560 892 fide
587 837 781 878 volumus
805 838 1041 878 observari.
1074 836 1383 878 Concessimus
1409 838 1545 879 eciam

64 904 267 946 omnibus
295 904 446 945 liberis
475 903 727 945 hominibus
754 904 877 961 regni
907 905 1061 954 nostri,
1092 920 1171 960 pro
1197 904 1323 945 nobis
1349 912 1392 945 et
1419 906 1547 946 here-

64 973 192 1013 dibus
227 973 390 1013 nostris
422 973 464 1012 in
492 980 768 1028 perpetuum,
810 987 962 1012 omnes
994 972 1219 1012 libertates
1255 972 1543 1028 subscriptas,

63 1040 288 1081 habendas
325 1048 365 1080 et
402 1039 614 1080 tenendas
646 1038 707 1079 eis
748 1047 790 1079 et
828 1038 1068 1080 heredibus
1103 1039 1215 1089 suis,
1256 1038 1308 1080 de
1343 1039 1471 1080 nobis
1505 1047 1548 1080 et

64 1108 303 1149 heredibus
335 1107 513 1148 nostris.

122 1210 162 1252 2.
200 1210 246 1252 Si
271 1210 367 1267 quis
393 1211 600 1251 comitum
624 1210 689 1250 vel
712 1211 924 1251 baronum
949 1217 1216 1260 nostrorum,
1246 1210 1334 1252 sive
1362 1210 1546 1251 aliorum

61 1277 313 1319 teneneium
343 1278 395 1318 de
424 1277 550 1318 nobis
578 1278 621 1317 in
651 1278 792 1334 capite
823 1293 902 1333 per
933 1276 1162 1318 servicium
1197 1277 1400 1327 militare,
1433 1293 1545 1318 mor-

63 1354 162 1386 tuus
185 1345 329 1394 fuerit,
359 1353 401 1385 et
429 1361 524 1385 eum
550 1344 791 1385 decesserit
816 1345 944 1385 heres
973 1361 1074 1385 suus
1097 1345 1226 1401 plene
1256 1345 1383 1385 etatis
1412 1345 1545 1385 suerit

64 1421 107 1453 et
132 1412 337 1453 relevium
363 1412 536 1462 debeat,
572 1412 728 1452 habeat
755 1411 1045 1452 hereditatem
1072 1427 1192 1452 suam
1217 1428 1295 1468 per
1317 1411 1546 1468 antiquum

65 1479 298 1529 relevium3
344 1477 513 1520 scilicet
549 1479 675 1518 heres
713 1478 778 1519 vel
820 1478 1005 1519 heredes
1050 1477 1220 1519 comitis
1263 1478 1316 1518 de
1363 1478 1547 1519 baronia

66 1546 237 1588 comitis
261 1547 430 1603 integra
452 1562 530 1602 per
548 1554 722 1586 centum
745 1545 906 1599 libras3
928 1546 1056 1586 heres
1078 1545 1144 1585 vel
1165 1544 1350 1585 heredes
1370 1544 1546 1586 baronis

66 1614 119 1655 de
141 1613 320 1654 baronia
340 1613 510 1670 integra
528 1629 607 1670 per
629 1621 804 1654 eentum
826 1612 959 1653 libras
982 1613 1070 1668 (sie)
1093 1630 1101 1662 ;
1126 1612 1253 1652 heres
1274 1612 1340 1652 vel
1360 1612 1546 1653 heredes

66 1680 217 1721 militis
245 1681 298 1721 de
328 1680 452 1721 feodo
476 1680 624 1721 militis
650 1681 822 1737 integro
847 1696 926 1736 per
947 1689 1121 1720 centum
1147 1678 1310 1720 solidos
1339 1679 1392 1719 ad
1419 1679 1544 1735 plus;

65 1756 108 1789 et
133 1748 207 1804 qui
238 1748 379 1788 minus
407 1747 610 1788 debuerit
639 1747 782 1788 minus
813 1747 887 1788 det
921 1746 1160 1788 seeundum
1194 1745 1416 1803 antiquam
1444 1761 1548 1787 con-

67 1815 344 1857 suetudinem
374 1816 614 1857 feodorum.

123 1918 166 1960 3.
203 1919 249 1961 Si
280 1927 421 1960 autem
455 1920 583 1959 heres
615 1918 797 1975 alicujus
824 1918 975 1959 talium
1009 1918 1139 1959 fuerit
1167 1918 1277 1959 infra
1309 1926 1467 1959 etatem
1503 1925 1545 1958 et

67 1987 196 2028 suerit
224 1986 268 2026 in
299 1986 512 2036 custodia,
546 2001 641 2026 eum
671 1986 723 2026 ad
755 1994 912 2027 etatem
943 1987 1208 2043 pervenerit,
1237 1986 1394 2028 habeat
1419 1986 1549 2026 here-

68 2054 247 2095 ditatem
273 2069 392 2094 suam
417 2054 510 2094 sine
538 2053 698 2094 relevio
723 2061 765 2093 et
794 2054 887 2093 sine
917 2053 1018 2094 fine.

125 2155 167 2196 4.
205 2157 362 2196 Custos
413 2164 528 2196 terre
576 2155 829 2211 hujusmodi
877 2155 1054 2197 heredis
1103 2155 1178 2212 qui
1226 2156 1338 2196 infra
1389 2164 1547 2197 etatem

69 2222 212 2273 fuerit,
244 2238 331 2263 non
360 2224 502 2279 capiat
525 2223 579 2264 de
606 2231 721 2264 terra
748 2223 924 2264 heredis
951 2223 1035 2264 nisi
1063 2223 1352 2264 racionabiles
1383 2222 1544 2273 exitus,

69 2298 112 2331 et
147 2289 437 2331 raeionabiles
475 2290 842 2341 eonsuetudines,
873 2299 915 2331 et
951 2290 1233 2331 raeionabilia
1271 2289 1475 2340 servicia,
1507 2297 1548 2330 et

68 2357 151 2397 hoe
173 2356 266 2397 sine
289 2356 589 2398 destructione
611 2365 653 2398 et
672 2365 792 2398 vasto
815 2356 1042 2398 hominum
1063 2357 1130 2398 vel
1156 2373 1325 2407 rerum3
1353 2365 1396 2397 et
1414 2357 1449 2397 si
1468 2372 1548 2397 nos

69 2423 414 2465 commiserimus
443 2425 686 2466 custodiam
720 2425 903 2481 alicujus
936 2424 1036 2465 talis
1063 2433 1179 2465 terre
1207 2423 1452 2466 vicecomiti
1482 2424 1549 2465 vel

69 2490 198 2532 alicui
223 2491 295 2532 alii
318 2491 391 2548 qui
413 2492 466 2533 de
489 2493 677 2533 exitibus
702 2492 819 2533 illius
844 2491 973 2533 nobis
1000 2492 1270 2549 respondere
1299 2492 1478 2541 debeat,
1507 2500 1549 2532 et

110 2638 125 2666 1
165 2637 257 2667 Cette
282 2637 416 2674 charte,
441 2649 505 2678 que
529 2638 658 2668 stubbs
682 2649 701 2668 a
723 2638 879 2678 publicio,
902 2649 935 2678 p.
960 2639 1029 2674 288,
1052 2637 1187 2678 d'apr'es
1209 2638 1258 2667 les
1274 2640 1421 2668 Statutes
1441 2639 1478 2678 os
1494 2637 1551 2667 the

69 2677 185 2714 realm,
205 2677 366 2708 Charters
388 2680 424 2709 of
438 2679 605 2715 liberties,
624 2690 658 2719 p.
678 2682 706 2715 5,
730 2684 781 2709 est
797 2679 895 2709 date'e
915 2679 961 2708 du
978 2680 1014 2708 21
1031 2689 1108 2709 nov.
1132 2679 1230 2715 1214;
1249 2679 1282 2708 la
1308 2679 1549 2708 confirmation

69 2720 396 2790 (γίιῖγηιῗγὲοεὲὶῑᾶἑὲὸθεῐ
413 2720 458 2750 du
475 2722 514 2750 30
533 2731 625 2751 mars
642 2721 732 2751 1215.
747 2720 857 2760 Voyez
875 2719 1044 2757 Potthast,
1068 2721 1209 2762 Rege-sta
1217 2720 1418 2760 pontificma
1432 2730 1546 2749 roma-
