1796 3153
228 181 268 210 48
567 176 763 208 CHARTES
787 176 867 206 DES
893 166 1102 206 LIBERTES
1125 174 1364 205 ANGLAISES

230 254 415 296 heredes
444 252 593 295 militis
620 252 674 293 de
703 251 828 292 feodo
857 250 1006 292 militis
1030 251 1204 308 integro
1232 266 1311 307 per
1337 257 1512 292 centum
1534 249 1698 292 solidos

230 323 282 364 ad
313 322 434 379 plus;
465 329 509 362 et
540 320 615 379 qui
642 319 785 360 minus
813 317 1016 360 debuerit
1049 318 1191 359 minus
1219 317 1293 359 det
1318 317 1561 359 secundum
1589 316 1704 358 anti-

231 405 359 447 quam
385 386 747 430 consuetudinem
775 385 1019 427 feodorum.

288 493 314 534 3
332 491 402 547 (3).
440 491 487 533 Si
515 498 655 532 autem
683 490 811 531 heres
833 487 1014 544 alicujus
1042 488 1194 529 talium
1223 488 1355 530 suerit
1376 487 1488 529 infra
1518 495 1676 529 etatem
1694 521 1702 537 ‚

232 561 429 601 (lominus
449 560 544 615 ejus
573 573 656 598 non
684 556 842 598 habeat
869 556 1106 597 custodiam
1136 559 1230 612 ejus
1254 571 1329 596 nee
1353 564 1467 596 terre
1488 571 1563 596 sue
1585 565 1706 595 ante-

232 643 361 685 quam
386 626 632 683 homagium
659 626 753 681 ejus
777 626 958 682 ceperit‚·
987 632 1046 674 et,
1069 632 1302 681 postquam
1331 624 1432 664 talis
1463 623 1586 664 heres
1616 622 1706 663 sue-

234 699 289 738 rit
308 697 352 738 in
378 694 573 737 custodia
592 728 601 746 ‚
631 710 729 735 cum
756 694 808 735 ad
837 702 995 735 etatem
1023 693 1292 751 pervenerit,
1317 693 1477 734 scilicet
1500 695 1651 750 viginti
1670 701 1707 733 et

234 768 360 806 unias
389 766 510 813 anni,
544 762 702 803 habeat
736 761 1026 803 hereditatem
1061 777 1180 802 suam
1212 760 1306 802 sine
1341 760 1498 801 relevio
1536 768 1579 801 et
1611 760 1704 800 sine

233 833 339 881 fine,
374 835 432 872 ita
461 840 604 871 tamen
631 830 765 887 quod,
794 831 835 870 si
856 832 958 886 ipse,
989 830 1088 870 dum
1121 829 1235 886 infra
1263 837 1417 868 etatem
1437 828 1571 885 fuet-ic
1591 861 1599 876 ‚
1622 827 1705 882 fiat

232 900 372 950 miles,
404 898 707 939 nichilominus
734 906 854 937 terra
883 905 1105 937 remaneat
1138 897 1178 935 in
1206 897 1400 936 custodia
1428 895 1701 935 dominorum

231 982 407 1008 suorum
440 981 573 1023 lisque
601 965 660 1005 (ld
687 967 915 1004 ἰ81“112ἰ111ί1)ζ
935 964 1197 1020 predielum.

233 1130 267 1160 in
286 1130 405 1160 charta
422 1129 635 1164 libertatum,
653 1139 729 1169 cap.
750 1129 777 1158 2.
799 1127 930 1158 scilicet
946 1126 987 1157 de
1004 1127 1168 1156 comitatu
1189 1125 1323 1166 integro
1342 1125 1452 1155 dande
1472 1129 1551 1154 sunt
1572 1128 1707 1155 centum

233 1171 320 1201 libre
335 1171 375 1200 de
389 1171 513 1201 herede
528 1170 663 1208 comitis
679 1180 741 1210 pro
757 1168 894 1204 relevio,
911 1172 944 1198 et
956 1168 997 1198 de
1012 1168 1136 1198 herede
1150 1167 1302 1203 baronis,
1320 1177 1382 1207 pro
1397 1166 1541 1196 baronia
1558 1165 1704 1206 integra,

233 1217 369 1242 centum
386 1223 539 1242 marce...
561 1223 574 1241 »
599 1211 672 1249 (Ed.
692 1210 814 1240 Twiss.
839 1211 863 1244 I,
882 1211 967 1248 666.)
986 1209 1031 1239 De
1048 1209 1158 1249 prime
1182 1208 1290 1238 abord
1308 1212 1340 1237 et.
1363 1208 1495 1247 malgre
1518 1207 1549 1236 le
1577 1217 1643 1247 peu
1667 1207 1708 1237 de

233 1254 407 1283 confiance
433 1264 497 1294 que
521 1253 640 1282 merite
664 1253 694 1281 le
714 1255 804 1281 texte
827 1251 916 1280 edite
939 1261 1003 1290 par
1027 1251 1074 1280 sir
1099 1250 1134 1279 T.
1162 1250 1291 1285 Twiss‚
1314 1253 1400 1278 cette
1420 1249 1516 1287 legon
1537 1250 1652 1288 parait
1675 1248 1707 1278 13

235 1295 327 1324 50310
344 1294 577 1328 raisonnable,
595 1304 652 1323 car
668 1294 702 1322 13
720 1292 766 1322 101
784 1292 940 1332 anglaise
959 1291 1164 1331 distinguait
1180 1291 1265 1320 trois
1283 1290 1399 1320 reliess
1418 1289 1595 1319 differents
1614 1289 1705 1329 (roy.

233 1339 332 1377 Leges
359 1334 528 1365 Gaillelmi
548 1333 663 1364 Primi.
690 1334 714 1367 Ι,
740 1333 809 1373 20);
836 1337 921 1362 cette
946 1332 1145 1362 distinction
1170 1336 1220 1362 est
1247 1331 1475 1361 evidemment
1501 1330 1594 1360 aussi
1621 1330 1706 1359 dans

232 1376 367 1417 l'esprit
380 1379 490 1406 meme
505 1376 545 1405 de
560 1380 656 1405 notre
670 1375 812 1410 Cha1·te;
830 1374 895 1403 elle
908 1373 989 1403 etait
1004 1372 1263 1408 incontestable‚
1278 1383 1320 1402 on
1331 1372 1423 1401 vient
1439 1372 1523 1401 dele
1538 1371 1623 1406 voir,
1642 1381 1706 1400 aux

233 1428 320 1457 yeux
339 1417 379 1447 de
394 1417 540 1447 Bracton
560 1416 627 1457 qui.
648 1426 727 1445 sans
745 1415 857 1450 doute,
877 1414 1089 1444 connaissait
1107 1414 1201 1444 aussi
1219 1414 1298 1443 bien
1315 1413 1346 1443 le
1364 1416 1453 1442 texte
1469 1412 1509 1442 de
1527 1412 1560 1442 la
1577 1412 1623 1442 loi
1642 1422 1706 1452 que

233 1459 283 1488 les
295 1469 439 1499 usages;
456 1458 543 1488 mais
556 1457 715 1497 lesjuges
728 1456 851 1486 durent
867 1455 1028 1495 etreplus
1040 1455 1139 1485 d'une
1154 1455 1217 1485 fois
1231 1454 1429 1484 incertains.
1444 1454 1534 1484 Nous
1548 1464 1586 1483 en
1600 1463 1706 1483 avons

233 1500 267 1530 la
285 1510 411 1540 preuve
430 1510 472 1529 au
490 1499 600 1529 moins
616 1509 703 1538 pour
720 1498 750 1527 le
768 1498 872 1537 r'egne
891 1496 1084 1527 d'Edouard
1103 1496 1129 1526 Ι.
1150 1497 1197 1525 En
1216 1496 1249 1526 13
1266 1497 1317 1526 ‘28⁰
1336 1496 1440 1524 3111100
1461 1494 1500 1533 de
1518 1505 1554 1524 00
1569 1494 1703 1534 prince,

233 1540 452 1571 c'est-a-dire
469 1540 554 1570 trois
576 1550 637 1569 ans
656 1540 756 1579 apres
773 1539 806 1568 la
826 1538 1083 1578 promulgation
1104 1537 1143 1566 de
1164 1536 1406 1577 slaspezimus,
1423 1536 1633 1576 l'Echiquier
1650 1540 1707 1565 eut

233 1585 252 1611 ἐι
271 1592 305 1612 50
323 1592 515 1622 prononcer
534 1591 592 1610 sur
611 1581 659 1610 les
679 1580 795 1609 reliefs
814 1580 876 1609 dus
895 1590 958 1619 par
974 1579 1059 1608 Jean
1077 1578 1117 1608 de
1137 1578 1236 1617 Grey,
1254 1578 1309 1607 fils
1328 1577 1367 1606 de
1382 1577 1520 1611 Robert,
1536 1587 1623 1617 pour
1641 1587 1706 1606 une

234 1623 398 1653 baronnie
425 1623 507 1663 qu'il
531 1621 638 1652 tenait
662 1631 705 1650 33
732 1622 841 1650 comte
865 1619 1038 1650 d'Oxsord.
1065 1619 1092 1649 Il
1118 1619 1287 1649 demanda
1311 1629 1355 1648 un
1379 1618 1467 1648 (10131
1493 1628 1595 1658 parce
1622 1627 1704 1657 que.

234 1664 389 1699 disait-il,
406 1663 431 1693 il
445 1663 539 1693 avait
555 1662 721 1692 introduit
740 1672 802 1691 une
818 1662 972 1691 instance
989 1660 1114 1691 devant
1131 1659 1160 1690 le
1179 1660 1270 1690 Bane
1285 1660 1331 1689 du
1345 1659 1395 1689 roi
1413 1663 1529 1689 contre
1546 1659 1576 1688 10
1590 1659 1707 1699 prieur

234 1705 274 1735 de
294 1705 496 1735 Saint-Jean
513 1704 553 1733 de
567 1703 759 1733 Jerusalem
774 1713 813 1732 011
831 1703 1042 1742 Angleterre,
1062 1704 1081 1730 a
1099 1701 1157 1741 qui
1174 1702 1198 1731 il
1217 1701 1308 1731 avait
1322 1700 1425 1730 remis
1445 1711 1498 1730 ses
1516 1700 1651 1730 chartes
1665 1709 1705 1729 en

234 1746 337 1786 dep0t
359 1750 392 1776 et
415 1745 473 1786 qui
493 1744 622 1775 tardait
644 1747 663 1773 a
687 1744 736 1774 les
759 1744 807 1773 lui
829 1744 962 1773 rendre.
980 1743 1024 1773 Cc
1041 1742 1131 1772 de'lai
1149 1742 1196 1772 lui
1219 1743 1267 1772 sut
1284 1741 1444 1776 300013ος
1462 1754 1478 1768 «
1493 1746 1524 1771 et
1541 1741 1621 1781 quia
1640 1751 1705 1770 non

234 1791 368 1817 constat
384 1786 488 1821 curie,
506 1786 534 1815 si
550 1786 603 1815 illi
619 1784 677 1825 qui
695 1788 811 1814 tenent
824 1784 1004 1814 baroniam
1018 1783 1163 1813 debeant
1183 1783 1318 1813 admitti
1336 1782 1378 1812 ad
1396 1783 1498 1811 finem
1514 1782 1706 1812 faciendum

235 1838 297 1869 pro
327 1831 463 1858 centum
490 1826 614 1856 marcis
643 1836 706 1866 pro
731 1825 875 1855 baronia
903 1825 1039 1865 integra
1066 1828 1099 1854 et
1121 1835 1183 1864 pro
1213 1823 1463 1864 quinquaginta
1490 1823 1615 1853 marcis
1643 1833 1706 1864 pro

235 1869 416 1899 medietate
431 1868 582 1903 baronie,
600 1867 688 1897 sicut
703 1867 828 1906 Magna
843 1867 944 1896 Carta
961 1865 1001 1895 de
1019 1865 1238 1895 libertatibus
1253 1869 1409 1899 testatur,
1425 1864 1479 1894 vel
1498 1874 1558 1904 per
1571 1869 1707 1894 centum

236 1910 343 1940 libras
369 1914 429 1939 aut
448 1908 699 1950 quinquaginta
721 1908 847 1944 libras,
872 1907 959 1937 sicut
981 1906 1116 1936 onerari
1136 1906 1291 1936 solebant
1311 1910 1387 1935 ante
1409 1905 1707 1935 confirmacionem

237 1951 390 1991 ejusdem
418 1954 525 1986 carte,
552 1950 652 1979 datus
677 1953 729 1978 est
752 1948 824 1978 dies
853 1948 944 1978 dicto
967 1947 1115 1978 ,Iohanni
1135 1947 1170 1976 in
1193 1957 1230 1977 eo
1253 1951 1344 1976 statu
1365 1957 1449 1986 qu0,
1473 1957 1580 1987 usque
1605 1957 1624 1976 3
1653 1946 1707 1975 die

236 1992 365 2022 Pasche
383 1992 417 2021 in
437 1995 506 2021 tres
526 1991 749 2031 septimanas.
768 1990 811 2019 Et
826 1989 964 2019 interim
983 1988 1192 2029 loquendum
1213 1992 1263 2018 est
1286 1987 1364 2017 inde
1383 1998 1460 2017 cum
1476 1998 1556 2028 rege
1573 1991 1611 2017 ut
1627 1991 1707 2017 tunc

236 2033 326 2063 idem
344 2032 518 2062 ι1011311305
539 2036 571 2061 et
593 2032 652 2061 alii
675 2030 732 2070 qui
756 2041 817 2071 per
840 2030 1020 2060 baroniam
1038 2033 1153 2059 tenent
1171 2033 1202 2059 et
1223 2029 1350 2059 relevia
1367 2028 1508 2065 debent,
1525 2035 1708 2058 onerentur

237 2074 424 2104 secundum
453 2072 543 2113 quod
573 2072 745 2102 deberent.
779 2082 793 2100 »
826 2072 880 2108 (P.
913 2071 1044 2102 Record
1077 2070 1186 2100 office.
1218 2070 1257 2105 Q.
1289 2070 1328 2101 R.
1358 2069 1577 2100 Memoranda
1609 2070 1706 2099 27-28

236 2115 330 2144 Edw.
353 2115 378 2149 Ι,
401 2114 546 2144 membr.
568 2113 631 2154 34.)
651 2112 777 2148 Quatre
803 2123 864 2142 3115
886 2112 966 2153 plus
990 2111 1085 2147 tard,
1108 2122 1149 2141 on
1170 2115 1349 2141 rencontre
1371 2121 1434 2140 une
1455 2111 1605 2140 mention
1623 2120 1705 2140 ana-

236 2156 337 2196 logue
358 2166 401 2185 au
420 2155 507 2194 sujet
524 2154 564 2185 de
582 2154 615 2184 la
637 2154 831 2183 53000551011
850 2153 890 2183 (10
908 2153 1066 2193 philippe
1083 2152 1268 2188 Marmion,
1291 2151 1376 2182 dans
1395 2152 1573 2192 l'heritage
1591 2151 1632 2181 de
1649 2151 1706 2192 qui

238 2207 272 2226 se
291 2197 442 2226 trouvait
459 2197 489 2226 le
510 2195 644 2225 manoir
663 2195 703 2224 de
724 2194 912 2234 Sel-ivelby,
932 2199 1012 2224 tenu
1030 2194 1074 2223 du
1094 2193 1145 2223 roi
1167 2203 1258 2233 «per
1280 2193 1461 2223 baroniam
1482 2193 1651 2233 integram
1671 2201 1705 2226 »;

236 2248 272 2267 ce
293 2237 459 2267 Marmion
483 2237 575 2274 avait
597 2236 701 2266 laissa
725 2240 844 2276 quatre
870 2236 958 2265 filles
983 2239 1015 2265 et
1035 2235 1116 2264 c'est
1135 2235 1166 2264 le
1187 2234 1272 2264 mari
1295 2234 1393 2263 d'une
1414 2233 1455 2264 de
1476 2233 1632 2263 celles-ci
1650 2233 1706 2273 qui

236 2278 351 2319 plaide
375 2279 500 2308 devant
523 2276 730 2317 l'Ecbiquier
747 2287 790 2306 au
811 2276 898 2316 sujet
921 2276 965 2306 du
989 2275 1089 2305 relies
1106 2278 1125 2304 3
1152 2285 1257 2315 payer
1277 2285 1320 2304 au
1342 2274 1393 2304 roi
1417 2285 1423 2304 :
1451 2286 1466 2304 (‹
1488 2274 1576 2304 Dicit
1599 2274 1707 2312 eciam

236 2319 326 2360 quud
340 2323 419 2349 tunc
434 2319 600 2359 temporis
618 2318 746 2347 relevia
762 2317 987 2347 baroniarum
1003 2316 1236 2347 onerabantur
1256 2316 1310 2345 hic
1328 2315 1559 2356 (c'est—a-dire
1579 2315 1704 2345 l'Echi-

235 2360 346 2400 quier)
362 2360 401 2389 de
422 2364 558 2389 centum
577 2358 676 2388 libris
691 2368 697 2394 ;
717 2362 767 2388 set
784 2358 943 2388 dominus
961 2369 1020 2388 rex
1039 2367 1149 2398 nuper
1168 2357 1329 2397 Magnam
1346 2356 1483 2386 Cartam
1501 2356 1542 2386 de
1561 2356 1707 2386 liberta-

236 2401 328 2431 tibus
353 2401 486 2440 Anglie,
514 2401 548 2429 in
575 2410 642 2440 qua
667 2399 861 2429 continetur
883 2399 974 2440 quod
1000 2409 1062 2439 pro
1093 2398 1219 2428 relevio
1244 2398 1377 2438 integre
1405 2397 1546 2427 baronie
1571 2401 1707 2427 centum

238 2452 350 2472 marce
370 2445 505 2471 tantum
520 2440 711 2480 exigantur,
734 2440 961 2473 confirmavit,
980 2444 1013 2469 et
1029 2439 1062 2468 in
1080 2438 1240 2469 omnibus
1259 2439 1329 2468 suis
1348 2438 1485 2478 punctis
1502 2438 1608 2468 teneri
1626 2448 1706 2478 pre-

236 2483 342 2523 cepit;
378 2487 410 2512 et
436 2482 532 2521 juxta
558 2481 621 2510 hoc
651 2481 794 2511 debetur
799 2505 859 2511 .....
886 2492 900 2510 1)
930 2480 982 2521 (Q.
1010 2481 1047 2511 R.
1079 2479 1310 2510 Memoranda.
1341 2480 1379 2508 32
1412 2479 1505 2509 Edw.
1534 2479 1559 2515 I,
1588 2485 1623 2508 11Ω
1650 2480 1705 2514 28;

237 2523 381 2554 membr.
401 2523 466 2562 32.)
482 2523 544 2552 Ces
559 2522 646 2551 deux
663 2533 720 2552 cas
737 2526 795 2551 ont
809 2524 861 2551 ete
875 2522 958 2560 cites
977 2532 1040 2561 par
1057 2521 1174 2552 Oliver
1191 2519 1404 2555 Saint-John,
1420 2519 1505 2549 dans
1523 2521 1555 2550 le
1574 2521 1709 2550 sameux

235 2566 360 2605 proces
378 2564 506 2593 intente
521 2567 539 2593 3
556 2563 734 2603 Hampden
752 2562 877 2592 devant
894 2562 1102 2602 l'Echiquier
1118 2562 1330 2602 (1637-1638),
1347 2564 1367 2590 a
1382 2560 1485 2591 l'effet
1502 2561 1542 2590 de
1559 2571 1708 2601 prouver

236 2616 300 2645 que
317 2606 366 2635 les
387 2605 487 2645 juges
508 2604 679 2633 n'avaient
699 2614 761 2644 pas
782 2603 936 2643 toujours
954 2603 1097 2632 observe
1114 2603 1410 2643 rigoureusement
1428 2603 1460 2632 la
1477 2601 1576 2631 lettre
1598 2603 1707 2631 meme

236 2646 276 2675 de
288 2646 321 2676 la
335 2645 382 2675 loi
395 2647 513 2686 (voyez
528 2645 746 2681 Rusbworffi,
763 2643 1152 2678 [Iistoricalcollections,
1167 2645 1198 2672 ’2ε
1213 2643 1334 2683 partie,
1349 2653 1383 2683 p.
1396 2643 1482 2683 533).
1494 2643 1586 2672 Nous
1601 2652 1707 2672 avons

236 2687 346 2717 donne
361 2687 401 2716 de
419 2686 581 2757 cestegx
596 2690 686 2715 actos
707 2686 756 2716 les
771 2690 862 2715 cotes
882 2695 961 2716 50115
978 2685 1162 2725 lesquelles
1182 2684 1225 2713 ils
1242 2687 1317 2714 sont
1332 2684 1572 2714 aetnellement
1586 2683 1706 2713 inven-

236 2728 340 2758 tories
361 2738 403 2758 au
421 2728 457 2758 Ρ.
509 2751 514 2757 .
568 2750 573 2755 .
