1796 3153
248 229 283 257 ¹12
587 228 781 258 ‹ejimu'i'its
809 228 887 258 DEs
912 222 1122 260 Lissl-:R'ri'js
1148 231 1384 261 :montisi-:S

245 304 318 360 qui
355 321 526 361 semper
562 306 782 345 consuevit
824 306 948 346 bonis
984 307 1152 347 actibus
1188 307 1380 347 invidere
1421 309 1507 348 suis
1545 309 1716 350 callidis

246 371 428 422 artibus,
452 372 657 413 adversus
680 388 775 412 cuin
796 373 980 414 barones
998 374 1154 431 ⁴&nglie
1171 374 1402 415 concitavit
1421 374 1475 415 ita
1497 384 1541 416 ut
1565 377 1719 417 ordine

246 455 449 495 perverso
472 439 514 479 in
543 438 662 479 illum
690 440 983 497 insurgerent,
1012 450 1242 498 postquam
1268 458 1502 483 conversus
1532 443 1718 484 ecclesie

245 507 470 556 satisfiet-it,
501 508 573 564 qui
606 507 868 548 assistebant
896 508 1033 549 eidem
1068 509 1241 565 quando
1264 510 1491 550 ecclesiam
1517 509 1715 551 offende-

247 575 332 614 bat.
354 575 457 615 Orta
477 574 693 630 siquidem
713 575 825 615 inter
841 591 912 615 eos
930 575 1430 626 dissensionismateria,
1457 577 1719 634 cumplures

246 642 338 683 dies
361 643 510 682 statuti
530 642 713 683 fuissent
733 642 785 683 ad
804 643 1077 684 tractandum
1100 644 1152 685 de
1175 660 1278 701 pace
1301 644 1520 701 utrinque,
1541 644 1719 686 interim

247 709 510 766 sollempnes
537 709 678 750 nuntii
704 710 756 750 ad
780 719 971 751 nostram
1002 711 1173 752 fuerunt
1202 712 1467 768 presentiam
1494 712 1716 760 destinati,

248 792 343 817 cuni
366 777 540 833 quibus,
569 777 717 818 habito
740 777 941 835 diligenti
964 786 1164 828 tractatu,
1190 788 1287 835 post
1311 779 1482 835 plenam
1506 779 1717 820 delibera-

248 844 410 884 tionem
453 844 708 900 scripsimus
740 860 818 900 per
856 845 1032 885 eosdem
1079 846 1412 902 archiepiscopo
1459 855 1498 887 ct
1546 846 1719 903 cpisco-

248 910 313 967 pis
342 910 599 967 anglicanis,
628 911 914 968 precipiendo
951 912 1206 953 mandantes
1241 922 1283 953 ut
1314 913 1365 953 ad
1398 913 1718 953 reformandum

246 978 361 1018 inter
384 986 590 1034 utrosque
612 994 754 1019 veram
777 987 818 1019 et
837 979 1009 1035 plenam
1033 979 1313 1021 concordiam
1336 980 1526 1037 diligens
1551 980 1718 1037 impen-

246 1045 401 1086 derent
436 1046 626 1086 studium
661 1055 702 1086 et
739 1062 914 1103 operam
942 1046 1180 1097 efficacem,
1215 1064 1365 1088 omnes
1395 1048 1718 1103 conjurationes

247 1121 289 1153 et
313 1112 675 1169 conspirationes,
706 1114 829 1170 sique
858 1113 1027 1154 fuerant
1057 1113 1164 1154 forte
1192 1123 1444 1171 presumpte
1476 1130 1496 1155 a
1523 1123 1720 1171 tempore

246 1181 422 1220 suborte
456 1179 674 1221 discordie
700 1181 814 1221 inter
840 1197 1019 1238 regnum
1055 1190 1096 1222 et
1130 1182 1438 1231 sacerdotium,
1479 1182 1716 1238 apostolica

246 1246 562 1288 denunciantes
591 1247 849 1289 auctoritate
879 1257 1068 1289 cassatas
1092 1258 1131 1289 et
1157 1265 1235 1305 per
1257 1249 1718 1290 excommunicationis

247 1314 508 1356 sententiam
543 1314 794 1356 inhibentes
836 1332 888 1356 ne
927 1317 1030 1356 talia
1064 1316 1268 1357 decetero
1302 1325 1659 1373 presumerentur
1697 1333 1717 1357 a

247 1399 480 1440 quoquam,
508 1392 730 1441 magnates
755 1392 794 1424 et
822 1384 991 1425 nobiles
1009 1384 1165 1442 Anglie
1188 1385 1406 1426 monendo
1426 1385 1663 1442 prudenter
1680 1394 1719 1425 et

247 1451 308 1491 eis
352 1450 584 1491 efficaciter
622 1450 894 1509 injungendo
937 1460 980 1492 ut
1017 1468 1096 1508 per
1133 1452 1356 1493 manifesta
1394 1453 1637 1493 devotionis
1678 1461 1719 1493 et

246 1518 504 1558 humilitatis
533 1518 687 1559 inditia
717 1520 857 1575 ipsum
892 1535 1037 1577 regem
1072 1519 1154 1560 sibi
1187 1520 1357 1576 placare
1394 1520 1636 1569 studerent,
1671 1536 1718 1560 ac

246 1584 422 1634 deinde,
452 1584 483 1624 si
511 1585 615 1641 quid
637 1586 689 1626 ab
715 1602 765 1626 co
788 1586 1000 1627 ducerent
1022 1587 1348 1642 postulandum,
1372 1603 1457 1627 non
1480 1587 1720 1628 insolenter

248 1653 322 1693 sed
346 1652 570 1693 humiliter
586 1652 887 1709 implorarent,
914 1655 1102 1711 regalem
1120 1654 1155 1695 ei
1175 1662 1484 1696 conservantes
1507 1655 1716 1695 honorem

246 1728 287 1760 et
324 1720 579 1760 exhibentes
614 1720 786 1761 servitia
822 1730 1026 1762 consueta
1067 1738 1150 1778 que
1188 1721 1271 1778 ipsi
1308 1730 1350 1762 et
1383 1721 1717 1778 predecessores

246 1803 394 1828 corum
418 1787 500 1827 sibi
522 1796 564 1827 et
586 1787 674 1828 suis
697 1788 1085 1844 predecessoribus
1112 1788 1436 1846 impenderunt,
1461 1804 1555 1829 cum
1579 1789 1631 1829 ab
1656 1792 1717 1829 cis

248 1854 339 1911 ipse
372 1870 447 1895 rex
483 1871 566 1895 non
600 1855 781 1896 deberet
815 1856 977 1912 absque
1008 1856 1168 1912 juditio
1201 1855 1396 1912 spoliari,
1430 1864 1476 1897 ut
1510 1856 1570 1896 sic
1600 1856 1716 1912 quod

248 1921 525 1962 intenderent
564 1931 743 1978 possent
782 1922 948 1964 Facilius
988 1924 1203 1964 obtinere.
1246 1925 1333 1965 Nos
1375 1922 1490 1964 enim
1529 1924 1715 1964 eundem

248 2004 393 2046 regem
421 2005 498 2045 per
526 1989 692 2030 litteras
722 1998 891 2031 nostras
921 1990 1167 2048 rogavimus
1196 2000 1237 2031 et
1266 1989 1533 2040 monuimus,
1569 1998 1611 2031 et
1640 2006 1716 2046 per

246 2060 434 2112 prelatos
454 2056 833 2113 archiepiscopum
859 2066 901 2098 et
925 2057 1156 2114 episcopos
1179 2058 1486 2099 nichilominus
1509 2058 1651 2115 rogari
1676 2066 1716 2098 et

246 2123 409 2165 moneri
434 2124 746 2174 mandavimus,
770 2124 812 2165 in
836 2125 1135 2165 remissionem
1159 2124 1716 2181 sibipeccaminuminjun-

243 2200 396 2249 gentes
419 2192 622 2247 quatinus
644 2191 865 2248 predictos
892 2200 1114 2249 magnates
1136 2201 1177 2233 et
1199 2192 1368 2233 nobiles
1388 2191 1580 2249 benigne
1602 2200 1715 2232 trac-

244 2267 355 2299 taret
381 2267 422 2299 et
447 2259 586 2314 justas
611 2258 845 2315 petitiones
868 2275 1016 2299 eorum
1044 2259 1281 2300 clementer
1308 2259 1572 2309 admitteret,
1602 2267 1647 2299 ut
1675 2267 1715 2299 et

246 2325 325 2382 ipsi
362 2326 677 2383 congaudendo
721 2335 1038 2384 cognoscerent
1080 2342 1176 2367 eum
1213 2327 1256 2367 in
1298 2326 1520 2368 meliorem
1557 2334 1713 2366 statum

244 2393 386 2434 divina
408 2392 544 2449 gratia
568 2409 661 2434 esse
687 2402 911 2444 mutatum,
935 2410 981 2435 ac
998 2411 1075 2451 per
1090 2395 1171 2435 hoc
1187 2394 1271 2450 ipsi
1293 2403 1332 2434 et
1356 2393 1540 2434 heredes
1564 2409 1712 2434 eorum

245 2460 326 2501 sibi
354 2468 396 2500 et
420 2459 657 2500 heredibus
681 2461 768 2501 suis
791 2461 1003 2502 deberent
1021 2461 1267 2518 promptius
1290 2469 1332 2501 et
1357 2460 1554 2501 devotius
1578 2460 1713 2501 famu-

244 2527 336 2578 lari,
363 2527 489 2584 plena
512 2526 573 2568 eis
593 2527 635 2567 in
655 2526 887 2577 veniendo,
914 2528 1120 2569 morando
1148 2537 1189 2568 et
1212 2527 1458 2569 recedendo
1478 2528 1712 2568 securitate

244 2609 449 2634 concessa
467 2611 475 2643 ;
497 2593 554 2634 ita
571 2594 703 2651 qnod,
729 2595 764 2635 si
787 2595 895 2635 sorte
920 2594 1120 2652 nequiret
1139 2596 1252 2636 inter
1269 2611 1341 2635 eos
1363 2594 1595 2635 concordia
1613 2611 1714 2650 pro-

242 2661 405 2710 venire,
431 2661 473 2701 in
490 2660 607 2701 curia
624 2677 698 2702 sua
720 2677 798 2718 per
815 2670 959 2718 partes
982 2678 1130 2702 eorum
1145 2662 1385 2703 secundum
1401 2662 1541 2719 legem
1558 2669 1600 2702 et
1615 2677 1711 2702 con-

244 2727 496 2769 suetudines
528 2729 648 2784 regni
679 2729 854 2770 suborta
882 2729 1097 2770 dissensio
1123 2729 1355 2787 sopiretur.
1378 2730 1561 2779 Verum,
1593 2737 1712 2769 ante-
