1796 3153
217 226 296 247 va1
789 215 1116 246 INTRODUCTION

218 291 251 337 il
293 292 506 354 chargea
545 309 610 338 uu
654 293 837 337 comite
883 290 944 337 de
987 293 1013 336 3
1057 294 1289 354 eveques‚
1336 292 1363 336 3
1407 300 1598 337 comtes
1637 301 1688 338 et

218 462 372 507 propria
398 461 597 497 voluntate,
620 473 688 506 pro
713 460 821 494 nobis
842 467 877 494 et.
898 460 1101 494 heredibus
1124 460 1278 499 nostris,
1302 461 1401 506 quod
1421 460 1555 504 Magna
1575 459 1687 492 Carta

219 518 264 551 de
284 516 523 550 libertatibus
545 516 766 550 observetur
785 516 821 548 in
842 516 1014 549 omnibus
1033 516 1179 560 punctis
1203 516 1295 554 suis,
1320 522 1355 548 et
1378 515 1551 548 similiter
1573 515 1686 547 Carta

220 574 264 606 de
283 573 422 605 foresta
442 578 621 610 servetur,
643 571 753 603 salvis
770 577 890 604 tamen
903 571 1112 615 juramento
1132 577 1274 610 nostro,
1288 572 1371 615 jure
1391 583 1526 604 corone
1545 576 1684 609 nostre.

220 634 254 661 et
275 627 488 661 raciouibus
511 627 649 661 nostris
672 638 712 658 ac
736 626 851 659 eciam
876 626 1054 665 aliorum;
1078 639 1148 672 que
1174 626 1322 672 quidem
1348 639 1416 671 per
1438 625 1685 659 venerabilem

221 690 362 729 patrem
393 684 436 715 R.
470 682 795 727 archiepiscopum
825 682 1023 714 Cantuarie
1054 694 1096 714 ex
1129 688 1233 727 parte
1267 688 1395 715 nostra
1427 687 1463 714 et
1495 681 1531 714 in
1561 687 1687 714 nostra

221 738 415 784 presencia
439 744 522 771 tunc
544 737 782 782 pronunciari
803 737 979 775 fecimus;
1003 743 1038 770 et
1057 737 1190 770 deinde
1213 738 1310 782 apud
1334 737 1524 776 Odimere,
1546 737 1581 769 in
1603 736 1686 781 ipso

221 794 397 839 passagio
415 800 544 826 nostro
565 792 601 825 in
621 792 831 825 Flandriam
849 793 1002 825 eandem
1023 792 1300 825 concessionem
1324 791 1393 825 sub
1414 792 1539 837 sigillo
1558 798 1687 825 nostro

220 849 414 883 observari
441 848 682 893 precipiendo
707 848 958 880 mandavimus
986 854 1021 880 et
1049 848 1166 881 teneri
1188 860 1256 892 per
1280 854 1397 881 totum
1420 860 1575 892 regnum
1600 859 1687 880 nos-

221 911 318 938 trum
339 905 374 937 in
395 903 564 949 quolibet
582 904 769 936 comitatu.
788 903 833 935 Et
852 903 937 948 quia
956 916 974 935 a
996 909 1163 948 tempore
1182 903 1246 936 illo
1266 904 1356 935 citra
1375 915 1442 948 per
1464 903 1688 936 artacionem

221 966 256 993 et
277 959 555 993 districcionem
575 971 795 1003 guerrarum
820 970 967 991 eramus
993 958 1162 1003 occupati
1188 958 1444 1003 multipliciter
1465 964 1500 991 et
1518 957 1688 991 distracti

221 1015 257 1048 in
275 1015 433 1048 diversis
453 1014 586 1059 patriis
602 1020 637 1046 et
654 1013 881 1058 longinquis,
898 1021 1054 1058 propter
1072 1014 1170 1059 quod
1191 1014 1286 1046 scire
1305 1014 1536 1059 nequivimus
1553 1019 1689 1047 statum

222 1071 326 1115 regni
353 1070 485 1107 nostri,
513 1081 592 1108 uos,
620 1068 752 1101 diebus
776 1069 860 1101 istis
889 1076 1069 1114 quatenus
1095 1068 1202 1102 nobis
1230 1076 1344 1108 vacat,
1374 1075 1540 1102 nostram
1571 1069 1688 1102 conti-

222 1132 375 1158 nuantes
404 1124 619 1169 primariam
647 1123 883 1161 voluntatem,
911 1123 1108 1156 habuimus
1128 1123 1440 1157 deliberacionem
1463 1136 1577 1169 super
1602 1135 1688 1157 con—

222 1181 390 1214 cessione
410 1186 535 1212 nostra
554 1179 740 1224 predicta3
759 1185 807 1218 et,
826 1179 869 1211 ad
893 1178 1072 1211 honorem
1088 1179 1155 1212 Dei
1172 1186 1207 1212 et
1228 1186 1352 1212 sancte
1374 1180 1503 1213 matris
1521 1179 1689 1212 Ecclesie

223 1248 262 1269 ac
295 1236 527 1269 commodum
559 1234 678 1267 tocius
711 1234 841 1279 populi
875 1235 979 1279 regni
1013 1234 1151 1271 nostri,
1185 1235 1354 1268 volumus
1387 1236 1486 1280 quod
1521 1235 1688 1280 predicta

223 1292 355 1336 Magna
383 1291 494 1324 Carta
519 1291 563 1323 de
588 1289 826 1322 libertatibus
851 1289 1072 1323 observetur
1096 1290 1132 1322 in
1157 1289 1328 1323 omnibus
1356 1291 1502 1335 punctis
1532 1291 1624 1330 suis,
1654 1297 1690 1324 et

223 1353 322 1380 carta
340 1346 455 1379 eciam
473 1347 518 1378 de
538 1347 704 1381 Foresta,
722 1346 923 1378 secundum
940 1345 1176 1390 subscriptos
1196 1345 1374 1379 articulos
1391 1347 1453 1392 qui
1472 1353 1556 1379 sunt
1572 1347 1686 1379 tales:

268 1403 321 1435 Le
340 1408 453 1434 statut
470 1401 663 1446 reproduit
683 1401 782 1433 alors
802 1400 1081 1445 integralement
1099 1401 1131 1433 la
1153 1401 1279 1434 charte
1298 1402 1342 1434 de
1362 1401 1395 1433 la
1412 1403 1508 1435 foret
1527 1402 1662 1447 depuis
1681 1415 1686 1434 :

224 1471 239 1490 <‹
260 1457 462 1503 Inquisicio
479 1456 533 1489 vel
554 1456 655 1489 visus
678 1457 722 1488 de
744 1456 1022 1501 expeditacione
1043 1468 1171 1489 canum
1192 1470 1206 1488 1>
1231 1457 1451 1502 .....jusqu'a
1475 1471 1481 1490 z
1504 1471 1518 1489 «
1541 1469 1690 1502 presen-

222 1519 346 1545 tentur
368 1513 517 1557 capitali
537 1512 737 1545 forestario
762 1518 890 1545 nostro
916 1524 997 1544 cum
1018 1511 1053 1544 in
1074 1518 1200 1556 partes
1227 1511 1310 1544 illas
1336 1512 1476 1546 vene'rit
1497 1514 1541 1545 ad
1564 1519 1690 1546 tenen-

222 1568 308 1600 dum
326 1567 461 1612 placita
481 1569 634 1606 foreste,
659 1573 694 1600 et
713 1579 836 1600 coram
856 1579 899 1600 eo
918 1567 1173 1600 terminentur.
1200 1580 1214 1598 ›)

268 1623 320 1655 Le
340 1629 453 1656 statut
472 1623 631 1667 reprend
651 1622 750 1655 alors
774 1629 809 1655 et
828 1622 998 1655 continue
1018 1622 1111 1654 ainsi
1133 1635 1139 1654 :

269 1679 373 1719 Quos
393 1684 513 1711 autem
535 1677 711 1710 articulos
735 1677 1015 1722 suprascriptos
1037 1677 1195 1710 firmiter
1215 1683 1251 1710 et
1271 1677 1538 1712 inviolabiliter
1555 1678 1688 1712 obser-

221 1733 298 1766 vari
320 1734 488 1767 volumus
512 1740 547 1766 et
566 1733 696 1771 teneri,
718 1732 882 1766 volentes
904 1732 1166 1766 nichilominus
1188 1734 1286 1779 quod
1309 1733 1582 1778 perambulatio
1604 1735 1689 1774 fiat;

222 1787 333 1820 salvis
365 1800 513 1833 semper
538 1788 748 1832 juramento
780 1794 929 1826 nostro,
956 1788 1040 1832 jure
1072 1800 1206 1821 corone
1236 1795 1377 1827 nostre,
1410 1796 1444 1822 et
1476 1789 1690 1823 racionibus

222 1843 361 1876 nostris
386 1849 495 1888 atque
517 1843 737 1888 calumpniis
759 1855 798 1875 ac
822 1843 985 1876 omnium
1009 1843 1187 1881 ali01·um;
1214 1843 1264 1876 ita
1291 1845 1390 1889 quod
1416 1844 1690 1888 perambulatio

222 1898 286 1931 illa
309 1898 416 1931 nobis
440 1905 654 1943 reportetur
676 1904 869 1944 antequam
894 1898 1017 1944 aliqua
1041 1899 1214 1932 execucio
1235 1899 1290 1932 vel
1317 1899 1457 1944 aliquid
1484 1900 1582 1933 aliud
1606 1901 1690 1934 inde

221 1953 306 1992 fiat;
330 1966 438 1998 quam
462 1954 612 1998 quidem
636 1953 1000 1998 perambulacionem
1020 1954 1189 1987 volumus
1215 1955 1313 2000 quod
1339 1954 1415 1993 fiat,
1444 1955 1539 1988 sicut
1562 1956 1691 2000 predi-

222 2008 330 2046 citur,
357 2010 400 2041 ad
430 2009 543 2041 cicius
568 2010 667 2054 quod
693 2009 775 2041 fieri
800 2009 951 2053 poterity
981 2015 1067 2054 post
1093 2010 1246 2054 negocia
1274 2022 1345 2055 qne
1373 2009 1551 2043 habemus
1579 2023 1690 2056 expe-

222 2063 355 2096 dienda
380 2075 462 2096 cum
486 2064 628 2096 nunciis
651 2064 713 2109 qui
740 2064 785 2096 de
807 2065 970 2097 Romana
995 2065 1097 2097 curia
1124 2071 1207 2098 sunt
1235 2065 1401 2104 venturi;
1431 2077 1501 2110 que
1527 2078 1614 2099 vero
1640 2066 1691 2099 ita

223 2125 307 2151 sunt
327 2119 455 2157 ardua,
475 2119 574 2164 quod
597 2131 667 2152 non
686 2119 806 2152 solum
828 2131 893 2152 nos
913 2126 949 2152 et
969 2132 1123 2164 regnum
1144 2127 1326 2159 nostrum,
1348 2127 1404 2153 set
1422 2127 1536 2154 totam
1557 2121 1690 2154 Chris-

222 2173 424 2207 tianitatem
452 2174 679 2219 contingunt,
709 2180 744 2207 et
772 2175 816 2207 ad
844 2187 885 2207 ea
914 2175 1039 2208 sanius
1067 2176 1327 2220 pertractanda
1353 2182 1471 2209 totum
1495 2177 1690 2210 consilium

221 2235 389 2261 nostrum
408 2228 544 2261 habere
566 2229 731 2274 plenarie
753 2229 976 2274 indigemus.

268 2284 313 2316 Et
336 2290 463 2328 preter
487 2284 764 2317 concessionem
788 2292 966 2323 nostram,
992 2286 1124 2318 factam
1149 2286 1244 2319 sicut
1270 2287 1445 2331 superius
1470 2287 1690 2332 exprimitur

222 2339 267 2370 dc
290 2339 500 2382 premissis,
525 2339 694 2384 diligenti
716 2339 960 2373 meditacione
985 2341 1222 2384 pensavimus
1248 2343 1430 2386 quosdam
1447 2342 1544 2386 juris
1566 2343 1690 2376 defec-

224 2400 296 2432 tus,
322 2394 538 2427 multimoda
565 2395 776 2439 gravamina
802 2401 837 2427 et
864 2396 1132 2439 oppressiones
1158 2409 1229 2441 que
1256 2396 1429 2441 pluribus
1457 2397 1541 2430 aliis
1570 2398 1690 2432 modis

222 2449 366 2492 prefato
394 2449 534 2493 populo
563 2456 647 2482 sunt
675 2450 775 2482 illata
804 2450 1036 2494 temporibus
1066 2452 1286 2491 retroactis;
1317 2459 1352 2485 et
1379 2452 1548 2486 volumus
1579 2466 1692 2498 super

223 2503 298 2536 illis
323 2516 393 2549 que
415 2504 523 2537 nobis
545 2504 790 2537 occurrebant
813 2506 856 2537 ad
879 2518 1049 2549 presens,
1076 2507 1120 2540 ad
1145 2506 1407 2541 allevacionem
1429 2515 1464 2541 et
1487 2509 1691 2542 commodi-

224 2564 335 2591 tatem
366 2560 533 2603 ejusdem
564 2560 707 2604 populi,
740 2572 808 2604 pro
842 2560 937 2605 legis
969 2562 1190 2595 certitudine
1222 2562 1392 2596 stabilire
1423 2570 1458 2596 et
1487 2565 1691 2597 remedium

225 2626 412 2659 apponere
434 2615 470 2647 in
490 2615 583 2647 hunc
602 2616 763 2648 modum.

272 2669 351 2702 Suit
370 2669 403 2701 la
421 2671 580 2702 seconde
599 2670 718 2715 partie
737 2671 785 2703 du
804 2677 932 2710 statut,
951 2672 971 2704 a
986 2671 1144 2717 laquelle
1161 2673 1262 2705 seule
1283 2673 1450 2707 convient
1468 2674 1501 2707 le
1520 2674 1605 2707 titre
1621 2686 1691 2720 que

222 2724 279 2758 les
305 2725 470 2758 editeurs
492 2726 688 2759 modernos
710 2725 761 2759 lui
782 2733 845 2760 ont
871 2727 990 2760 donne
1018 2728 1063 2760 de
1093 2730 1279 2762 Statutum
1307 2728 1352 2763 de
1377 2729 1518 2774 finibus
1545 2729 1688 2764 levatis.
