1796 3153
478 205 546 234 vll.
573 223 612 227 —-
636 204 807 235 Gummi
833 205 1002 235 CHARTE
1029 205 1080 234 Di:
1107 205 1235 235 mcxiii
1264 206 1305 235 Ill
1593 209 1631 236 ‘59

208 281 331 340 4(4).
369 283 526 323 Custos
560 290 674 323 terre
711 281 961 337 hujusmodi
1000 281 1174 322 heredis
1213 282 1285 338 qui
1322 282 1431 323 inl'ra
1469 291 1626 325 etatem

151 348 283 390 fuerit
308 365 394 390 non
417 349 559 406 capiat
583 349 636 390 de
660 358 773 390 terra
800 348 977 390 heredis
1008 350 1089 389 nisi
1115 350 1395 391 rationabiles
1424 350 1565 392 exitus
1588 360 1629 392 ct

150 416 432 458 rationabiles
463 416 807 458 consuetudines
845 425 887 457 et
919 416 1194 458 rationabilia
1229 417 1433 469 servicia,
1471 427 1513 459 et
1546 419 1627 459 hoc

150 484 243 525 sine
277 483 575 526 destructione
608 493 651 525 ct
678 492 798 526 vasto
830 485 1055 525 hominum
1085 485 1176 526 vcl¹
1215 502 1383 534 rcrum;
1411 495 1454 527 et
1484 487 1519 527 si
1550 503 1627 527 nos

150 551 497 593 commiserimus
521 551 764 593 custodiam
793 551 976 608 alicujus
1010 551 1107 593 talis
1137 560 1252 594 terre
1286 554 1527 595 vicecomiti
1562 555 1625 595 vel

150 618 278 660 alicui
307 618 378 660 alii
408 619 481 676 qui
510 620 562 660 de
588 619 776 660 exitibus
810 628 925 660 terre
957 619 1072 660 illius
1098 621 1225 661 nobis
1256 621 1413 662 debeat
1445 637 1626 679 respon-

150 686 275 738 dere,
307 695 348 728 et
379 687 452 728 ille
478 687 823 728 destructionem
852 687 904 728 de
936 687 1131 728 custodia
1163 687 1313 729 fecerit
1342 689 1407 729 vel
1436 698 1624 740 vastum,

149 770 227 796 nos
251 755 304 796 ab
331 754 433 795 illo?
459 754 680 812 capiemus
703 755 949 806 emendam,
975 764 1016 796 et
1039 763 1152 796 terra
1176 756 1473 798 committetur
1486 758 1501 782 ³²
1523 757 1627 798 duo-

148 822 228 864 bus
265 822 479 881 legalibus
514 832 555 864 et
585 823 788 864 discretis
823 822 1076 864 hominibus
1110 823 1163 865 de
1197 824 1324 865 l'eodo
1356 824 1430 865 illo
1466 824 1537 882 qui
1574 825 1626 865 de

147 889 333 931 exitibus
349 890 365 918 4
389 890 514 932 nobis
538 891 833 948 respondeant
857 891 920 932 vel
944 892 983 932 ei
1006 892 1073 932 cui
1098 908 1172 932 eos
1189 893 1204 919 ἵ)
1227 892 1623 950 assignaverimus3

147 966 190 998 et
217 958 251 998 si
280 957 531 1000 dederimus
561 959 625 1000 vel
651 958 978 1000 vendiderimus
1010 959 1138 1000 alicui
1171 960 1413 1001 custodiam
1445 960 1626 1017 alicujus

146 1025 245 1066 talis
278 1034 416 1076 terre,
449 1035 490 1068 ct
527 1027 599 1067 ille
635 1027 982 1068 destructionem
1012 1026 1114 1068 inde
1150 1027 1301 1069 feccrit
1336 1028 1400 1068 vel
1436 1036 1622 1074 vastum,

147 1092 317 1134 amittat
351 1093 488 1151 ipsam
526 1094 770 1136 custodiam
805 1104 846 1136 et
883 1095 1082 1136 tradatur
1119 1094 1290 1136 duobus
1331 1096 1545 1152 legalibus
1585 1105 1626 1137 vt

148 1160 349 1202 discretis
380 1161 633 1203 hominibus
668 1162 722 1203 dc
755 1163 881 1204 feodo
921 1163 993 1204 illo
1028 1163 1101 1220 qui
1141 1163 1342 1204 similiter
1377 1164 1501 1204 nobis
1536 1181 1624 1204 res-

147 1229 393 1285 pondeant,
425 1230 539 1272 sicut
567 1230 813 1287 predictum
836 1240 918 1272 est.

203 1333 228 1373 5
248 1332 322 1390 (5).
361 1334 517 1373 Custos
547 1342 705 1384 autem,
733 1333 939 1390 quamdiu
966 1333 1208 1374 custodiam
1232 1343 1346 1375 terre
1362 1337 1377 1362 ‘³'
1404 1335 1621 1385 habuerit,

147 1409 362 1441 sustentet
402 1401 568 1451 domos,
616 1417 786 1457 parcos,
828 1401 1031 1447 vivaria7,
1077 1410 1244 1460 stagna,
1290 1402 1537 1443 molendina
1584 1412 1625 1444 ‹et

144 1476 288 1509 cetera
324 1468 377 1509 ad
408 1477 570 1510 terram
599 1468 715 1509 illam
748 1469 1022 1526 pertinencia
1054 1470 1107 1510 de
1136 1469 1325 1511 exitibus
1361 1478 1477 1511 terre
1509 1473 1625 1527 ejus-

144 1535 266 1586 dem,
293 1544 336 1577 et
364 1537 516 1577 reddat
547 1536 722 1588 heredi,
753 1553 849 1578 cum
879 1537 931 1578 ad
957 1537 1130 1594 plenam
1162 1546 1319 1579 etatem
1349 1539 1620 1595 pervenerit,

143 1611 303 1645 terram
329 1620 447 1646 suam
471 1613 605 1646 totam
636 1605 917 1646 instauratam
942 1604 994 1645 de
1021 1605 1188 1645 carucis
1214 1606 1281 1645 et8
1303 1607 1501 1646 omnibus
1526 1607 1625 1647 aliis

142 1672 286 1722 rebus,
317 1673 376 1713 ad
402 1675 544 1713 minus
567 1672 800 1713 secundum
833 1673 977 1730 qzme
1006 1673 1124 1713 illam
1153 1677 1325 1731 recepit.
1363 1675 1449 1714 Hee
1477 1677 1624 1714 (mucia

141 1740 419 1780 observentur
444 1741 495 1781 de
529 1741 734 1782 custodiis
762 1741 1236 1799 archiepiscopatuum,
1271 1745 1620 1799 episcopatuum,

140 1808 436 1858 abbaciarum,
463 1810 766 1865 prioratuum,
798 1809 1077 1850 ecelesiarum
1106 1820 1144 1850 et
1171 1811 1428 1867 dignitatum
1462 1827 1624 1851 ‹mecin-

140 1878 251 1916 cium
279 1892 360 1933 que
387 1877 448 1916 [td
477 1893 554 1917 nos
579 1879 818 1934 pertineret,
850 1887 1025 1933 accepto
1052 1879 1169 1935 quod
1198 1878 1451 1935 hujusmodi
1480 1888 1623 1919 eusto-

140 1944 207 1984 die
232 1944 463 1991 vendinon
491 1945 659 1986 debent.

197 2038 224 2080 6
242 2038 311 2095 (6)
351 2039 545 2081 Heredes
576 2039 834 2081 maritentur
858 2040 1024 2097 absque
1052 2039 1425 2098 disparagatione.

201 2132 314 2190 7<7).
351 2133 491 2176 Vidua
527 2143 626 2191 post
660 2142 841 2175 mortem
873 2133 1015 2175 mariti
1046 2134 1109 2175 sui
1143 2134 1287 2175 statim
1322 2144 1364 2177 et
1391 2135 1484 2176 sine
1515 2134 1623 2177 dilli-

140 2200 299 2242 cultate
342 2202 494 2259 aliqua
539 2201 698 2243 habeat
748 2201 1022 2260 maritagium
1070 2218 1195 2243 suum
1243 2211 1286 2243 et
1332 2202 1620 2244 hereditatem

141 2284 282 2319 suam,
314 2285 393 2310 nec
421 2268 589 2326 aliquid
620 2269 694 2310 det
726 2286 804 2326 pro
836 2270 938 2311 dote
968 2286 1041 2311 sua
1074 2270 1139 2311 vel
1168 2287 1247 2327 pro
1282 2271 1510 2328 maritagio
1545 2287 1622 2311 suo

203 2456 208 2462 .
234 2433 324 2463 Dans
345 2434 422 2464 ‘1297
444 2444 448 2463 :
471 2437 512 2464 et.

236 2474 326 2504 Dans
342 2476 420 2505 1297
437 2486 442 2504 ;
459 2487 508 2505 eo,

234 2516 324 2546 Dans
346 2516 424 2546 1216
445 2521 477 2546 et
496 2517 574 2547 ’1217
600 2527 604 2546 :
627 2517 867 2547 committatur.

236 2557 311 2587 ’1297
331 2557 445 2596 ajoute
462 2567 469 2589 :
486 2561 572 2588 terre
592 2558 697 2588 illius.

234 2598 324 2628 Dans
344 2600 422 2628 ‘1297
444 2609 449 2628 :
472 2598 522 2628 illi
541 2599 596 2628 cui
612 2599 700 2629 illos.

203 2662 209 2668 .
238 2639 315 2669 1297
335 2639 448 2679 ajoute
466 2651 471 2670 :
493 2640 698 2680 hujusmodl.

236 2680 280 2710 Le
298 2685 369 2711 mot
387 2681 514 2712 vivaria
534 2692 574 2712 ne
592 2693 627 2712 se
642 2687 762 2712 trouve
780 2693 843 2723 pas
858 2682 944 2713 dans
962 2683 1120 2723 l'origine
1136 2683 1176 2713 de
1196 2684 1359 2714 Durham.

204 2743 210 2750 .
238 2722 315 2752 ‘1297
338 2722 450 2761 ajoute
471 2733 477 2753 2
498 2723 550 2753 de.

202 2784 209 2791 .
236 2762 327 2792 Dans
346 2764 422 2794 ‘1297
442 2775 447 2794 :
467 2765 515 2794 ad
531 2764 639 2795 minus
656 2765 743 2795 sicut
762 2765 869 2795 illam.

177 2433 209 2791 woesmwewwe

229 2821 260 2845 (J.
276 2821 400 2847 ΒέΜοΝτ.
415 2836 448 2842 -
464 2823 571 2847 Clau-us
585 2823 627 2849 des
642 2822 741 2848 Iiberte's
756 2824 894 2857 ung-laises.
1538 2824 1552 2847 4
