1796 3153
442 210 527 241 vni.
552 229 592 234 -
614 209 784 242 Cnffl'rss
809 211 861 241 DE
887 210 937 241 LA
963 201 1103 242 FORFJT
1468 211 1506 240 65

36 289 238 330 omnibus
273 287 441 330 ballivis
475 297 518 329 et
546 288 748 330 fidelibus
781 288 869 329 suis
889 289 915 339 ¹,
951 288 1151 329 salutem.
1181 287 1339 328 Sciatis
1367 288 1502 344 quod,

35 356 192 398 intuitu
218 357 298 399 Dei
318 365 359 397 et
384 373 462 413 pro
485 356 621 397 salute
644 355 786 397 anime
807 364 955 398 nostre
979 365 1020 397 et
1045 355 1283 397 animarum
1308 364 1504 395 anteces-

35 441 178 465 sorum
213 433 255 465 et
289 440 587 466 successorum
620 432 889 473 nostrorum,
921 424 973 465 ad
1002 423 1315 465 exaltacionem
1347 423 1505 464 Sancte

35 491 228 533 Eeclesie
250 500 291 533 et
312 491 668 533 emendacionem
689 491 813 548 regni
837 493 990 542 nostri,
1013 491 1337 533 concessimus2
1360 499 1403 531 et
1424 491 1503 531 hac.

32 560 224 616 presenti
251 568 366 601 carta
389 558 734 601 confirmavimus
758 575 837 616 pro
865 559 988 600 nobis
1014 568 1056 600 et
1077 558 1314 600 heredibus
1344 558 1504 599 nostris

33 626 74 666 in
106 636 379 684 perpetuum,
413 627 465 667 de
494 627 673 668 consilio
706 626 967 667 venerabilis
1001 627 1136 683 patris
1169 625 1305 667 nostri
1337 625 1502 666 domini

32 695 242 736 Gualonis
270 695 384 736 tituli
410 696 549 736 sancti
576 694 752 736 Martini
780 695 1016 751 presbiteri
1047 693 1282 735 cardinalis
1309 701 1351 733 et
1375 709 1504 750 apos-

30 762 159 804 tolice
190 762 305 804 sedis
337 763 492 822 legati,
526 762 691 803 domini
722 761 905 805 Walteri
938 762 1228 802 Eboracensis
1264 761 1504 817 arehiepis-

31 831 143 888 copi‚
169 831 377 875 Willelmi
404 830 726 871 Londoniensis
754 829 966 886 episcopi,
996 838 1039 870 et
1066 829 1248 870 aliorum
1274 828 1504 885 episcopo—

32 914 123 939 rum
145 899 318 956 Angfie,
346 907 387 939 et
412 898 620 943 willelmi
642 897 887 939 Marescalli
918 897 1088 937 comitis
1116 896 1376 945 l’enbrooie,
1409 912 1505 937 ree—

30 967 136 1007 toris
159 966 295 1007 nostri
322 975 364 1007 et
390 966 515 1024 regni
542 966 701 1015 nostri,
730 974 773 1006 et
797 965 980 1006 aliorum
1008 964 1202 1005 fidelium
1230 965 1433 1005 comitum
1463 973 1505 1005 et

29 1034 241 1075 baronum
292 1042 540 1075 nostrorum
586 1033 767 1091 Anglie,
822 1034 900 1073 has
952 1032 1177 1073 libertates
1233 1031 1503 1088 subscriptas

28 1102 240 1144 tenendas
263 1101 307 1142 in
333 1118 469 1161 regno
496 1110 645 1143 nostro
670 1100 850 1158 Anglie,
878 1100 921 1141 in
947 1109 1208 1157 perpetuum
1239 1117 1245 1140 :

90 1214 128 1254 1.
165 1216 212 1255 In
240 1214 393 1271 primis
414 1230 564 1254 omnes
589 1213 747 1254 foreste
766 1229 871 1269 quas
895 1212 1107 1253 Henricus
1133 1228 1209 1253 rex
1232 1228 1332 1253 avus
1355 1219 1505 1253 noster

28 1282 293 1324 afforestavit
322 1282 552 1323 videantur
582 1297 659 1339 per
689 1282 826 1322 bonos
856 1289 897 1321 et
927 1279 1090 1336 legales
1119 1279 1341 1331 homines3
1373 1289 1435 1330 et,
1468 1281 1501 1321 si

28 1351 208 1392 boscum
232 1350 421 1407 aliquem
443 1349 574 1390 alium
594 1365 720 1406 quam
747 1365 871 1390 suum
897 1347 1163 1390 dominicum
1189 1347 1504 1389 afforestaverit

28 1419 80 1458 ad
109 1418 344 1474 dampnum
374 1418 490 1458 illius
521 1419 642 1473 cujus
673 1417 832 1457 boseus
861 1416 1012 1465 fuerit,
1043 1415 1424 1456 deafforestentur.
1452 1417 1503 1456 Et

28 1485 62 1526 si
93 1486 271 1527 boscum
305 1502 428 1526 suum
459 1484 686 1542 proprium
716 1483 1052 1533 afforestaverit,
1079 1491 1299 1524 remaneat
1327 1483 1499 1533 foresta,

29 1553 140 1594 salva
160 1569 389 1594 communa
411 1553 463 1594 de
482 1553 693 1611 herbagio
718 1561 759 1593 et
781 1552 874 1593 aliis
892 1552 936 1592 in
953 1551 1100 1593 eadem
1123 1551 1298 1601 foresta,
1322 1550 1408 1591 illis
1428 1550 1502 1607 qui

27 1637 121 1662 eam
148 1621 269 1678 prius
292 1622 452 1662 habere
478 1628 814 1661 consueverunt.

85 1733 125 1774 2.
164 1734 369 1774 Homines
384 1733 400 1760 :J
426 1733 500 1789 qui
531 1740 706 1773 manent
733 1740 850 1773 extra
880 1731 1083 1772 forestam
1118 1747 1204 1772 non
1230 1731 1406 1772 veniant
1431 1730 1500 1771 de-

27 1809 171 1843 cetero
201 1817 344 1842 coram
373 1801 628 1858 justiciariis
661 1801 821 1841 nostris
855 1799 906 1840 de
945 1799 1105 1841 foresta
1136 1815 1214 1856 per
1248 1814 1500 1840 communes

27 1869 418 1919 summonioiones,
449 1869 533 1909 nisi
561 1869 647 1909 sint
675 1868 719 1909 in
747 1867 931 1925 placito,
963 1867 1027 1908 vel
1064 1867 1196 1925 plegii
1225 1866 1407 1923 alicujus
1436 1866 1501 1907 vel

26 1937 269 1995 aliquorum
291 1937 363 1994 qui
390 1936 613 1978 attachiati
636 1945 736 1978 sunt
760 1944 942 1993 propter
968 1935 1188 1977 forestam.

83 2049 123 2091 3.
163 2051 324 2092 Omnes
351 2058 493 2091 autem
516 2049 638 2091 bosci
663 2049 736 2106 qui
765 2049 939 2090 suerunt
955 2048 969 2076 4
990 2046 1228 2088 afl'orestati
1254 2063 1332 2104 per
1354 2062 1500 2105 regem

27 2118 261 2160 Ricardum
303 2117 561 2159 avunculum
598 2126 812 2167 nostrum,
855 2116 921 2157 vel
960 2132 1039 2173 per
1075 2132 1221 2173 regem
1259 2116 1499 2156 Johannem

26 2195 192 2243 patrem
246 2195 443 2227 nostrum
496 2202 633 2242 usque
684 2185 738 2226 ad
785 2183 967 2241 primam
1016 2184 1350 2225 coronacionem
1399 2199 1499 2223 nos-

26 2262 152 2305 tram,
177 2254 321 2296 statim
344 2253 727 2303 deafforestentur,
761 2251 845 2293 nisi
876 2252 1033 2292 fuerit-³·
1063 2250 1309 2292 dominicus
1342 2251 1500 2291 boscus

27 2330 190 2362 noster.

69 2477 97 2506 Ἰ.
123 2477 201 2506 1225
220 2476 332 2515 ajoute
353 2479 560 2516 :presentem
578 2479 706 2506 cartam
726 2475 933 2515 inspecturis.

67 2518 97 2546 2.
123 2517 213 2547 Dans
237 2519 314 2547 ’1225
335 2528 341 2547 ;
362 2521 553 2557 Spontanea
574 2521 605 2547 et
626 2517 713 2546 bona
732 2519 901 2546 voluntate
921 2520 1036 2546 nostra
1058 2515 1211 2545 dedimus
1232 2519 1261 2544 el
1280 2514 1500 2544 concessimus

28 2558 295 2599 archiepiscopis,
315 2559 487 2598 episcopis,
506 2558 691 2593 comitibus,
709 2558 891 2588 baronibus
909 2562 939 2588 et
957 2557 1110 2586 omnibus
1127 2558 1167 2586 de
1186 2567 1286 2597 regno
1307 2560 1419 2585 nostro
1438 2554 1500 2584 lias

27 2598 196 2644 libertates
215 2599 418 2640 subscriptas
441 2601 603 2630 tenendas
627 2600 660 2629 in
681 2610 782 2640 regno
806 2603 918 2629 nostro
941 2599 1062 2639 Anglie
1089 2598 1121 2628 in
1141 2601 1349 2639 perpetuum.
1370 2599 1407 2626 In
1424 2596 1499 2636 pri-

28 2651 138 2676 mis...,
160 2646 222 2671 etc.

69 2683 97 2711 3.
124 2682 201 2712 1225
223 2683 334 2722 ajoute
355 2693 361 2712 z
383 2694 468 2712 vero.

67 2724 97 2753 4.
123 2724 213 2753 Dans
233 2725 311 2754 ’1225
331 2735 336 2754 ;
354 2723 491 2764 fuerint.

69 2766 97 2794 5.
124 2765 213 2794 Dans
235 2766 312 2795 1215
333 2776 338 2795 :
358 2764 412 2795 sit.

98 2824 126 2849 C.
143 2824 268 2850 Bfinosr.
282 2838 316 2844 —
330 2825 437 2851 Clau-ces
452 2824 494 2850 ‹les
507 2823 606 2850 liberetis
621 2824 757 2857 anglaises.
1413 2821 1429 2844 5
