1796 3153
267 197 320 227 IV.
346 214 384 219 —
406 187 612 227 PETITION
636 196 716 227 DES
741 195 911 227 BARONS
936 195 960 226 Α
984 195 1090 226 ,ΙΕΑΝ
1115 195 1222 226 SANS
1247 195 1388 226 TERRE
1532 197 1571 227 23

90 274 330 315 liberorum
371 289 569 324 suorum3
612 282 655 313 et
692 289 798 315 cum.
831 273 958 313 suerit
999 272 1296 321 emendatum,
1340 272 1572 313 intendant

89 342 266 383 domino
304 342 396 398 regi
435 342 544 381 sicut
584 340 721 397 prius.
762 342 814 380 Et
847 339 1111 396 quicumque
1144 339 1330 380 volucrit
1365 340 1418 380 de
1456 348 1570 381 terra

87 408 252 465 jurabit
282 425 326 449 se
352 408 404 449 ad
432 408 628 465 predicta
660 407 914 464 exequenda
945 406 1186 462 pariturum
1224 407 1439 448 mandatis
1470 423 1569 463 prc-

90 475 308 517 dictorum
339 491 450 516 .xxv.
490 476 724 525 baronum,
756 482 797 515 ct
830 483 1109 531 gravaturum
1146 490 1294 531 regem
1328 490 1407 531 pro
1442 490 1570 530 posse

89 559 167 585 suo
202 559 298 584 cum
332 542 464 600 ipsis3
507 551 548 583 et
585 558 659 583 rex
699 542 906 598 pubbliec
938 550 981 583 et
1014 541 1151 582 libere
1187 541 1309 582 dabit
1347 541 1568 583 licentiam

86 611 264 667 jurandi
293 610 473 651 cuilibet
501 609 574 666 qui
599 612 746 666 jurare
773 609 974 660 volucrit,
1000 618 1041 649 et
1065 608 1172 650 nulli
1200 626 1400 666 umquam
1423 611 1569 665 jurare

88 677 356 735 prohibebit.
397 679 559 718 Omnes
589 685 730 717 autem
763 676 861 716 illos
894 677 946 717 de
981 685 1094 717 terra
1123 677 1196 732 qui
1232 684 1388 732 sponte
1421 692 1496 716 sua
1528 685 1570 717 et

90 760 169 802 per
196 761 240 786 se
270 744 492 786 noluerint
512 747 658 800 jurare
690 761 798 785 .xxv.
828 745 1068 785 baronibus
1103 744 1156 784 de
1188 743 1497 801 distringendo
1527 751 1570 784 et

87 815 308 873 gravando
335 831 481 872 regem
510 830 606 855 cum
633 815 710 861 cis5
736 831 811 855 rex
836 814 963 855 saciet
982 816 1129 870 jurare
1158 815 1335 855 eosdem
1362 814 1414 854 dc
1443 829 1565 854 man-

90 882 190 923 dato
209 898 286 923 suo
307 882 419 923 sicut
434 882 681 938 predictum
699 890 779 922 cst.
801 883 906 922 Item
922 881 956 922 si
980 882 1136 938 aliquis
1154 882 1207 923 dc
1224 881 1434 938 predictis
1453 897 1566 923 .xxv.

89 950 328 991 baronibus
352 949 606 1000 decesserit,
631 949 696 990 vcl
720 966 740 991 a
766 958 879 991 terra
908 950 1157 998 recesserit,
1183 950 1247 990 vel
1272 948 1416 1005 aliquo
1439 949 1569 990 modo

89 1017 174 1059 alio
191 1017 429 1073 impeditus
454 1018 580 1058 suerit
600 1017 832 1074 quominus
856 1019 936 1058 ista
966 1017 1160 1074 predicta
1186 1018 1357 1073 possint
1385 1016 1565 1073 exequi,

90 1086 164 1142 qui
199 1084 361 1126 residui
394 1086 556 1126 fuerint
581 1085 634 1125 de
673 1102 783 1126 .xxv.
821 1085 985 1143 eligent
1020 1084 1150 1125 alium
1190 1085 1284 1125 loeo
1319 1084 1457 1141 ipsius
1488 1099 1567 1140 pro

91 1152 273 1194 arbitrio
302 1168 401 1204 suo,
433 1153 506 1209 qui
533 1152 665 1193 simili
694 1153 822 1193 modo
851 1153 933 1193 erit
956 1154 1126 1207 juratus
1155 1168 1241 1209 quo
1269 1161 1310 1192 et
1338 1152 1485 1193 ceteri.
1519 1153 1567 1193 In

91 1219 293 1261 omnibus
343 1229 485 1261 autem
531 1236 614 1276 que
659 1221 753 1261 istis
791 1237 902 1261 .xxv.
953 1219 1191 1260 baronibus
1237 1220 1569 1261 committuntur

91 1287 367 1344 exequenda,
396 1287 429 1327 si
463 1288 571 1328 sorte
595 1287 677 1344 ipsi
710 1304 821 1328 .xxv.
853 1295 1080 1344 presentes
1111 1286 1272 1328 fuerint
1300 1295 1342 1327 et
1371 1287 1487 1328 inter
1522 1303 1567 1328 se

92 1371 224 1412 super
245 1371 290 1395 re
311 1355 454 1412 aliqua
473 1355 838 1405 discordaverint,
862 1355 929 1395 vel
952 1354 1083 1411 aliqui
1104 1371 1155 1395 cx
1181 1354 1242 1395 eis
1264 1355 1404 1395 vocati
1427 1354 1569 1395 nolint

90 1423 156 1464 vel
196 1431 415 1478 nequeant
450 1423 684 1476 interesse,
724 1431 862 1462 ratum
897 1421 1131 1463 habebitur
1165 1430 1207 1462 ct
1246 1421 1416 1462 firmum
1448 1421 1567 1478 quod

91 1491 227 1546 major
246 1505 346 1546 pars
368 1506 419 1530 ex
441 1490 501 1530 cis
524 1489 764 1546 providerit
783 1489 846 1529 vcl
870 1490 1130 1546 preceperit,
1151 1504 1198 1529 ac
1221 1489 1255 1530 si
1278 1505 1429 1530 omnes
1453 1506 1563 1531 .xxv.

90 1557 132 1597 in
162 1558 244 1598 hoc
267 1556 621 1606 consensissent3
647 1565 688 1597 ct
709 1556 896 1613 predicti
920 1573 1032 1598 .xxv.
1051 1558 1262 1612 jurabunt
1284 1557 1401 1614 quod
1423 1556 1568 1597 omnia

91 1624 307 1665 antedicta
336 1624 524 1664 fideliter
546 1624 842 1664 observabunt
868 1632 909 1664 ct
932 1640 1011 1680 pro
1035 1633 1127 1665 toto
1155 1640 1284 1680 posse
1307 1640 1384 1664 suo
1407 1623 1568 1665 facient

89 1691 330 1732 observari.
362 1692 567 1732 Preterea
596 1707 669 1731 rex
694 1691 822 1731 faciet
849 1707 923 1732 eos
950 1708 1126 1732 securos
1153 1708 1230 1747 per
1254 1700 1393 1732 cartas
1423 1693 1566 1733 archi-

90 1758 287 1815 episcopi
318 1767 361 1799 et
393 1758 701 1815 episcoporum
729 1767 771 1798 et
795 1758 994 1816 magistri
1019 1759 1260 1810 Pandulfi¹‚
1290 1759 1408 1816 quod
1430 1759 1566 1800 nichil

45 1873 48 1876 ⁴
88 1825 343 1883 impetrabit
367 1841 388 1866 a
417 1825 596 1867 domino
617 1841 728 1882 papa
756 1842 833 1882 per
858 1826 976 1883 quod
1005 1826 1148 1883 aliqua
1176 1826 1356 1868 istarum
1382 1843 1566 1868 conven-

88 1895 255 1935 tionum
282 1902 508 1935 revoeetur
533 1894 600 1934 vel
629 1893 863 1946 minuatur,
893 1903 955 1945 et,
987 1895 1023 1935 si
1052 1894 1216 1951 aliquid
1245 1895 1330 1936 tale
1357 1896 1566 1952 impetra-

88 1962 211 2014 verit,
239 1970 465 2019 reputetur
485 1961 658 2002 irritum
677 1970 718 2002 et
739 1961 868 2002 inane
887 1971 928 2003 et
953 1978 1189 2020 numquam
1211 1979 1261 2003 eo
1285 1971 1444 2004 utatur.

130 2110 159 2139 1.
185 2110 252 2139 Sur
273 2120 309 2139 ee
338 2120 565 2150 personnage,
592 2120 695 2150 voyez
718 2110 767 2139 les
789 2120 803 2139 (t
827 2110 930 2140 Notos
954 2110 1226 2151 biographiques
1251 2123 1267 2138 »
1295 2114 1314 2140 a
1336 2111 1370 2141 la
1397 2111 1443 2141 fin
1467 2111 1508 2141 de
1531 2111 1566 2144 la

93 2150 217 2181 Charte
235 2150 275 2180 de
289 2151 375 2181 Jean
388 2162 467 2181 sans
486 2151 602 2181 Terre.
