1796 3153
260 211 299 240 66
595 209 790 241 ΟΗΑΒΤΕΞ
815 210 894 241 DES
918 202 1128 243 LIBERTFZS
1153 211 1390 243 ANGLAISES

317 286 360 329 4.
392 286 740 343 Archiepiscopi,
772 287 983 345 episcopi,
1011 288 1204 338 abbates,
1229 289 1418 345 priores,
1447 290 1654 332 comites¹
1683 300 1725 333 et

261 355 444 396 barones
469 363 511 396 et
532 354 688 395 milites
710 363 751 395 et
775 354 912 396 libere
931 364 1146 405 tenentes,
1169 357 1243 412 qui
1261 357 1416 397 boscos
1440 373 1539 398 suos
1560 359 1725 400 habent

261 422 304 463 in
339 422 532 472 forestis,
563 422 753 462 habeant
781 422 936 464 boscos
964 440 1065 464 suos
1097 423 1208 464 sicut
1238 440 1311 464 eos
1344 425 1589 466 habuerunt
1616 435 1724 467 tem-

259 506 364 546 pore
392 490 530 547 prime
558 488 861 530 coronacionis
889 490 1102 547 predicti?
1131 491 1245 549 regis
1272 491 1446 532 Henrici
1474 492 1537 533 avi
1566 494 1721 542 nostri,

260 558 319 598 ita
353 557 469 614 quod
502 556 637 613 quieti
672 556 758 598 sint
785 556 827 598 in
860 567 1117 614 perpetuum
1147 558 1199 599 de
1230 559 1432 600 omnibus
1468 569 1724 617 purprestu-

262 624 336 675 ris,
358 624 490 665 vastis
513 632 555 664 et
577 625 753 665 assartis
781 626 904 666 factis
929 626 972 666 in
999 625 1083 666 illis
1112 625 1273 676 boscis,
1299 635 1399 682 post
1422 626 1529 668 illud
1554 636 1725 685 ternpus

261 708 397 749 usque
430 691 482 732 ad
513 691 776 748 principium
812 692 991 733 secundi
1020 693 1119 734 anni
1148 693 1451 734 coronacionis
1482 703 1643 736 nostre.
1674 697 1727 737 Et

261 762 333 815 qui
365 759 418 800 de
456 768 600 800 cetero
639 760 855 809 vastum3,
887 768 1237 816 purpresturam,
1278 761 1344 802 vel
1385 770 1596 803 assartum
1634 763 1726 804 sine

259 826 442 868 licencia
466 835 612 867 nostra
636 826 679 867 in
706 826 792 867 illis
823 827 1026 877 fecerint,
1057 827 1110 868 de
1135 827 1266 868 vastis
1291 836 1333 869 et
1355 828 1529 870 assartis
1551 845 1725 887 respon-

260 894 406 935 deant.

319 989 358 1029 5.
397 987 699 1045 Reguardores
737 987 874 1028 nostri
914 995 1013 1028 eant
1052 1004 1129 1044 per
1170 988 1352 1029 forestas
1393 989 1445 1030 ad
1482 989 1724 1031 faciendum

261 1055 523 1113 reguardum
549 1054 661 1095 sicut
683 1054 774 1095 fieri
801 1055 1025 1096 consuevit
1048 1063 1245 1112 tempore
1263 1056 1401 1112 prime
1426 1058 1726 1099 coronaciouis

259 1122 445 1180 predicti
472 1123 586 1180 regis
611 1121 786 1162 Henrici
816 1123 880 1162 avi
905 1123 1059 1173 nostri,
1085 1131 1127 1163 et
1152 1138 1237 1163 non
1267 1122 1405 1163 aliter.

319 1219 357 1258 6.
396 1215 655 1272 Inquisicio,
678 1215 743 1256 vel
771 1216 886 1256 visus
917 1215 969 1256 de
998 1216 1327 1273 expeditacione
1351 1232 1505 1257 canum
1537 1217 1725 1258 existen-

260 1284 372 1324 cium
392 1284 433 1323 in
460 1284 633 1333 foresta,
658 1282 860 1323 decetero
885 1282 956 1324 fiat
978 1283 1151 1339 quando
1177 1284 1307 1324 debet
1331 1283 1420 1324 fieri
1446 1284 1722 1341 reguardum,

259 1351 425 1391 scilicet
455 1350 507 1391 de
534 1349 669 1390 tercio
697 1365 810 1390 anno
841 1349 884 1390 in
918 1350 1101 1391 tercium
1133 1367 1316 1401 annumg
1347 1360 1388 1392 et
1418 1359 1520 1392 tune
1548 1352 1621 1392 fiat
1650 1368 1727 1409 per

258 1418 395 1459 visum
424 1427 465 1459 et
497 1418 795 1459 testimonium
824 1417 1028 1475 legalium
1060 1419 1284 1460 hominum
1320 1427 1361 1460 et
1389 1435 1475 1460 non
1505 1419 1644 1460 aliter.
1674 1421 1727 1460 Et

259 1487 348 1537 ille,
370 1488 492 1542 cujus
514 1485 633 1526 canis
654 1486 854 1526 inventus
875 1485 1005 1527 fuerit
1025 1494 1126 1527 tunc
1145 1503 1229 1527 non
1247 1487 1538 1544 expeditatUS,
1557 1487 1630 1528 det
1647 1503 1726 1544 pro

259 1553 555 1594 misericordia
584 1561 671 1593 tres
703 1552 891 1603 solidos;
920 1561 961 1593 et
989 1552 1042 1594 de
1075 1562 1219 1594 cetero
1251 1554 1395 1594 nullus
1423 1554 1499 1594 bos
1532 1554 1727 1610 capiatur

259 1638 337 1678 pro
368 1619 711 1677 expeditacione.
743 1620 858 1661 Talis
886 1629 1027 1661 autem
1059 1621 1114 1661 sit
1144 1621 1416 1677 expeditaeio
1446 1637 1524 1678 per
1547 1621 1725 1662 assisam

259 1692 546 1733 communiter
570 1690 685 1746 quod
706 1699 794 1731 tres
815 1690 947 1731 ortilli
969 1690 1252 1731 abscidantur
1273 1692 1361 1747 (sie)
1386 1690 1478 1732 sine
1504 1691 1646 1748 pelota
1672 1691 1726 1732 de

258 1759 370 1816 pede
404 1757 635 1808 anteriori,
670 1773 749 1798 nec
777 1757 1085 1814 expeditentur
1119 1774 1246 1798 canes
1281 1758 1334 1799 de
1369 1766 1529 1808 cetero,
1564 1757 1646 1798 nisi
1681 1759 1723 1798 in

259 1826 365 1867 locis
392 1826 465 1866 ubi
490 1833 808 1866 consueverunt
832 1824 1072 1881 expeditari
1099 1833 1293 1882 tempore
1316 1826 1454 1882 prime
1477 1826 1724 1866 coronacio-

260 1894 325 1935 nis
352 1894 466 1951 regis
490 1892 666 1934 Henrici
691 1893 755 1933 avi
778 1893 931 1933 nostri.

319 1988 357 2029 7.
394 1987 547 2029 Nullus
588 1986 840 2028 forestarius
878 1986 944 2027 vel
982 1986 1180 2027 bedellus
1217 1986 1420 2027 decetero
1465 1985 1592 2027 faciat
1629 2002 1723 2027 sco-

258 2055 386 2105 tale4,
415 2054 481 2095 vel
514 2054 692 2112 colligat
724 2055 904 2111 garbas,
940 2054 1007 2094 vel
1043 2069 1240 2103 avenam,
1273 2053 1338 2094 vel
1374 2053 1549 2094 bladum
1581 2053 1721 2103 aliud,

257 2123 323 2163 vel
349 2138 503 2180 agnos,
532 2122 597 2162 vel
626 2121 865 2178 porcellos,
898 2137 977 2162 nec
1005 2120 1192 2178 aliquam
1221 2121 1446 2161 collectam
1475 2121 1654 2171 faciant3
1683 2129 1724 2161 et

257 2206 335 2247 per
369 2190 506 2230 visum
535 2198 576 2230 et
605 2197 920 2229 sacramentum
947 2189 1175 2229 duodecim
1209 2188 1522 2246 reg-nardorum
1550 2187 1723 2244 quando

258 2258 415 2298 facient
436 2256 713 2314 reguardum,
738 2264 801 2296 tot
822 2255 1036 2296 forestarii
1059 2264 1278 2312 ponantur
1301 2255 1353 2296 ad
1378 2255 1558 2295 forestas
1582 2263 1721 2295 custo-

259 2325 463 2374 diendas,
494 2333 599 2381 quot
635 2323 687 2364 ad
724 2323 818 2364 illas
851 2322 1157 2364 custodiendas
1189 2322 1509 2364 rationabiliter
1534 2321 1723 2362 viderint

259 2391 471 2433 sufficere.

300 2548 324 2577 1,
351 2548 441 2577 Dans
460 2548 538 2576 1225
558 2557 563 2576 ;
583 2546 727 2582 comites,
749 2546 907 2581 barones,
927 2545 1064 2581 milites,
1087 2545 1189 2575 libere
1206 2548 1369 2580 tenentes,
1390 2544 1449 2584 qui
1464 2543 1586 2573 habent
1609 2543 1722 2572 boscos

256 2598 332 2618 suos
347 2588 380 2618 in
396 2587 540 2629 fore-stix.

297 2631 327 2659 2.
352 2629 496 2659 Predictt
516 2633 566 2658 est
584 2628 670 2658 omis
691 2628 776 2658 dans
796 2628 884 2657 1225.

298 2672 325 2700 3.
353 2671 442 2700 Dans
462 2671 538 2699 ’1225
559 2680 564 2699 :
591 2672 721 2699 Vaslum
744 2668 1059 2708 velpurpresturam
1077 2667 1146 2696 sine
1169 2666 1307 2696 licencia
1322 2670 1437 2696 nostra
1458 2665 1489 2695 in
1509 2664 1576 2696 illis
1591 2665 1719 2705 fecerit,

260 2711 309 2739 vel
329 2715 502 2743 essartum,
525 2710 566 2740 de
585 2710 696 2744 vastis,
713 2709 940 2750 purpresturis
957 2712 988 2738 et
1005 2708 1142 2738 essartis
1160 2707 1383 2748 respondeant

296 2754 326 2782 4.
355 2753 443 2782 Dans
465 2753 539 2781 1225
560 2762 565 2781 1
585 2751 754 2780 scolallas.
