1796 3153
243 219 282 248 92
580 217 775 248 CHARTES
800 217 880 247 DES
904 209 1113 247 LIBERTES
1137 216 1374 248 ANGLAISES

297 296 349 332 La
368 295 506 332 cossdule
528 308 575 332 en
598 295 829 344 parchemin
847 307 995 331 consue
1017 308 1063 331 au
1083 296 1153 331 bas
1175 295 1223 331 de
1245 294 1518 344 l'Inspe.z·imus
1536 296 1584 332 de
1607 295 1704 333 1297

243 357 421 394 contient
443 356 478 393 le
500 357 751 393 mandement
778 355 938 392 suivant
962 371 968 392 ε

303 443 543 485 Edu-ardus
576 444 653 484 Dei
689 443 831 500 gracia
865 459 940 484 rex
973 442 1152 499 Anglie,
1190 442 1390 483 dominus
1428 442 1634 484 Hibernie
1667 452 1709 484 et

243 511 330 551 dux
350 510 601 567 Aquitanie,
625 509 956 551 vicecomitibus
981 509 1353 566 LondjoniarumL
1379 510 1575 551 salutem.
1599 511 1708 564 Quia

243 579 286 618 in
321 578 634 618 relevacionem
669 578 860 618 omnium
893 577 1132 618 incolarum
1161 585 1203 617 et
1233 577 1382 633 populi
1417 576 1540 635 regni
1571 577 1709 618 nostri

244 661 322 702 pro
365 660 475 685 nona
522 644 648 685 nobis
689 660 710 684 a
758 644 878 685 laicis
923 645 976 685 de
1016 660 1152 702 regno
1189 654 1338 685 nostro
1381 644 1426 684 in
1466 644 1708 685 subsidium

244 711 510 753 defensionis
542 711 735 767 ejusdem
765 711 890 769 regni
920 727 1126 752 concessa
1155 711 1450 752 concessimus
1482 720 1523 752 et
1551 710 1709 752 confir-

244 778 453 819 mavimus
477 795 556 835 pro
584 778 710 819 nobis
739 787 779 819 et
803 778 1041 819 heredibus
1063 779 1224 819 nostris
1253 794 1451 835 magnam
1476 786 1634 819 cartam
1656 777 1709 818 de

243 845 519 887 libertatibus
542 846 699 903 Anglie
726 861 905 902 eamque
928 845 1243 899 innovavimus,
1270 846 1465 886 volentes
1490 853 1532 885 et
1553 860 1710 886 conce-

243 913 396 954 dentes
425 913 540 970 quod
568 922 684 954 carta
714 912 788 953 illa
817 912 862 953 in
894 912 1096 953 omnibus
1120 921 1162 953 et
1189 912 1373 970 singulis
1401 911 1489 953 suis
1516 911 1710 953 articulis

242 980 425 1022 firmiter
452 989 494 1021 et
518 979 828 1021 inviolabiliter
851 980 1121 1029 observetur,
1147 979 1268 1020 vobis
1301 979 1566 1036 precipimus
1594 978 1710 1035 quod

244 1056 404 1088 cartam
429 1047 669 1105 predictam
696 1048 738 1088 in
764 1047 937 1088 civitate
959 1047 1157 1103 predicta
1183 1046 1274 1087 sine
1299 1046 1512 1087 dilacione
1533 1045 1712 1103 puppli—

245 1116 331 1156 cari
351 1123 393 1155 et
414 1131 504 1156 eam
530 1115 573 1155 in
594 1115 795 1155 omnibus
819 1123 860 1155 et
882 1114 1067 1171 siugulis
1091 1115 1179 1154 suis
1202 1113 1413 1163 articulis,
1438 1121 1645 1169 quantum
1666 1113 1711 1154 in

243 1183 366 1222 vobis
387 1191 465 1232 est,
485 1182 705 1223 observari
726 1183 892 1222 faciatis
914 1181 1095 1222 firmiter
1116 1190 1158 1222 et
1173 1180 1328 1222 teneri.
1348 1183 1475 1222 Teste
1497 1179 1711 1221 Edwardo

245 1249 333 1290 filio
356 1258 506 1290 nostro
531 1249 645 1306 apud
671 1250 1108 1293 XVestmonasterium
1138 1248 1248 1305 .xij²³.
1275 1249 1344 1289 die
1366 1247 1574 1298 octobris,
1598 1263 1711 1288 anno

245 1316 369 1374 regni
391 1318 529 1358 nostri
548 1318 758 1358 vicesimo
783 1317 952 1374 quinto.

759 1517 870 1538 NOTES
894 1517 1192 1544 BIOGRAPHIQL'ES.

285 1599 410 1629 Robert
436 1599 476 1637 de
499 1600 724 1635 Winchelsea.
750 1601 960 1641 arehevssaeque
987 1601 1027 1630 de
1050 1601 1262 1641 Cantorbery
1285 1600 1504 1641 (1294-1313).
1529 1599 1668 1639 11joua,
1693 1602 1714 1628 ἐι

244 1640 375 1680 l'egard
397 1640 590 1670 d'Edouard
616 1642 646 1675 Ι,
671 1642 702 1671 lc
727 1642 797 1671 role
826 1642 1000 1672 d'Etienne
1024 1642 1065 1671 de
1087 1642 1241 1681 Langton
1265 1645 1283 1670 ὲ
1309 1641 1438 1681 l'egard
1457 1641 1496 1670 de
1522 1641 1606 1670 Jean
1633 1651 1712 1669 sans

246 1682 359 1711 Terre.
377 1682 404 1711 ll
421 1682 491 1711 alla
506 1683 533 1711 si
552 1683 620 1712 loin
639 1683 723 1712 daus
743 1694 802 1712 son
819 1683 1014 1723 opposition
1029 1687 1048 1712 a
1066 1683 1097 1712 la
1113 1683 1278 1722 politique
1296 1683 1411 1721 royale
1429 1682 1510 1722 qu'il
1529 1683 1578 1711 fut
1593 1683 1711 1711 accuse

245 1722 286 1752 de
305 1722 460 1752 trahison
482 1733 522 1752 en
546 1724 621 1753 1305
644 1728 675 1753 et
693 1724 775 1764 qu'il
798 1724 859 1753 dut.
879 1725 964 1753 aller
987 1727 1006 1753 a
1026 1725 1128 1754 Rome
1149 1735 1236 1764 pour
1260 1734 1294 1753 se
1311 1723 1471 1763 justifier.
1494 1723 1519 1752 Il
1538 1733 1578 1752 cn
1601 1722 1713 1751 revint

246 1763 434 1793 seulement
453 1765 553 1804 apres
569 1765 601 1794 la
620 1769 707 1794 mort
723 1765 916 1795 d'Edouard
935 1766 957 1794 I.

285 1805 427 1834 Antoine
442 1805 522 1840 Bek,
539 1807 664 1845 eveque
681 1806 721 1834 de
738 1806 1126 1845 Du1‘ham41284-12510).
1145 1805 1170 1834 11
1189 1805 1271 1834 etait
1291 1805 1346 1834 fils
1367 1804 1407 1833 de
1429 1804 1580 1837 Gautier.
1604 1804 1711 1833 baron

246 1845 426 1885 d'Eresby;
446 1846 470 1875 il
491 1846 583 1875 avait
601 1849 832 1886 accompagne'
852 1847 882 1876 le
903 1847 1018 1885 princc
1038 1846 1198 1876 Edon-ard
1219 1856 1258 1875 en
1283 1846 1385 1875 Terre
1405 1845 1539 1879 Sainte;
1560 1845 1583 1873 il
1607 1844 1713 1873 servit

245 1886 455 1924 habilcment
473 1887 503 1916 le
526 1887 575 1916 roi
598 1887 682 1917 dans
702 1898 738 1916 sa
756 1888 956 1927 diplomatie
977 1892 1008 1917 et
1027 1888 1112 1917 dans
1139 1898 1191 1916 ses
1216 1897 1356 1926 guerres
1380 1897 1466 1925 pour
1489 1886 1521 1915 la
1542 1895 1711 1914 couronne

245 1927 421 1958 d'Ecosse:
443 1928 530 1957 mais
550 1928 575 1957 il
595 1933 685 1957 resta
707 1929 831 1958 durant
845 1933 937 1958 toute
958 1940 994 1958 sa
1013 1929 1063 1957 vie
1079 1928 1213 1957 attach&
1232 1938 1274 1957 au
1288 1927 1378 1968 parti
1398 1927 1659 1967 aristocratique
1677 1930 1709 1956 et

247 1969 348 2008 apres
369 1969 447 1998 1298
467 1969 491 1998 il
510 1979 544 1998 se
562 1969 710 1999 brouilla
728 1980 808 1999 avec
826 1970 856 1999 le
875 1970 922 1999 roi
943 1970 1000 2009 qui
1021 1969 1260 2007 le,perse'«·uta.

287 2009 436 2039 Richard
454 2009 662 2044 Gravesend,
684 2012 809 2050 e'veque
827 2011 868 2040 de
885 2011 1036 2040 Londres
1054 2010 1274 2049 (1230-1303).

287 2051 420 2080 Renouf
434 2050 495 2089 (ou
513 2051 643 2090 Ralph)
661 2051 700 2080 de
722 2051 885 2091 Walpole,
906 2054 1029 2091 eveque
1048 2051 1087 2080 de
1106 2050 1264 2080 Norwich
1282 2050 1501 2088 ‹11289-1299‘J.
1521 2048 1599 2088 puis
1614 2047 1712 2087 d'Ely

247 2090 465 2132 (1293-1302).
485 2093 535 2121 Au
555 2093 633 2132 plus
654 2094 719 2122 fort.
736 2092 775 2121 de
794 2093 826 2121 la
845 2093 994 2132 querelle
1013 2096 1106 2121 entre
1124 2092 1154 2121 le
1175 2091 1225 2120 roi
1243 2096 1274 2121 et
1289 2092 1319 2120 le
1337 2092 1460 2129 clerge,
1478 2090 1502 2119 il
1519 2091 1568 2127 [ut
1585 2088 1712 2128 charge

246 2142 312 2172 par
340 2132 553 2162 l'assemblee
581 2133 621 2162 de
645 2133 848 2162 Saint-Paul
873 2133 930 2173 (14
955 2134 1017 2162 sev.
1051 2134 1141 2169 12973
1171 2132 1211 2161 de
1234 2133 1389 2161 conferet·
1411 2141 1492 2160 avec
1517 2129 1678 2160 Edouard
1698 2129 1712 2158 I

247 2173 304 2212 qui
321 2173 517 2202 l'accueillit
532 2175 601 2203 tres
620 2174 699 2203 mal.
717 2174 805 2203 C'est
823 2185 886 2213 par
903 2185 948 2203 un
963 2178 1035 2203 acte
1053 2173 1093 2203 de
1111 2174 1143 2202 la
1162 2173 1297 2202 volonte
1316 2171 1531 2212 personnelle
1549 2170 1589 2200 de
1606 2169 1711 2200 Boni-

250 2215 319 2243 sace
334 2214 409 2243 VIII
425 2214 506 2254 qu'il
522 2215 583 2245 fut.
599 2225 637 2244 en
660 2216 746 2249 1292»,
763 2216 931 2244 transfere
949 2226 991 2244 au
1010 2215 1101 2251 si'ege
1119 2214 1227 2254 d'Ely,
1244 2215 1343 2254 apr'es
1359 2213 1525 2242 l'election
1542 2212 1710 2241 contestee

246 2254 286 2283 de
307 2254 393 2284 deux
409 2254 587 2284 candidat-s
605 2266 610 2284 2
627 2256 710 2285 Jean
730 2256 881 2289 Salmon‚
898 2256 1015 2295 prieur
1034 2256 1142 2294 d'Ely,
1165 2259 1198 2284 ct
1213 2255 1297 2284 Jean
1318 2254 1357 2283 de
1380 2254 1532 2292 Langton
1555 2253 1712 2292 presente

246 2306 309 2334 par
332 2295 362 2324 lc
382 2296 444 2325 roi.
471 2296 611 2325 Salmon
636 2298 685 2325 fut
706 2299 839 2326 nomme
859 2299 985 2336 ‹ix-eque
1005 2296 1045 2325 de
1064 2296 1221 2325 Norwich
1242 2299 1260 2324 a
1281 2295 1314 2324 la
1335 2295 1431 2335 place
1452 2294 1492 2323 de
1511 2293 1663 2332 Walpole
1680 2296 1713 2321 et

246 2337 276 2365 le
294 2336 455 2365 candidat
472 2336 516 2365 du
534 2337 582 2366 roi
603 2337 692 2367 n‘eut
706 2337 790 2366 rien.
807 2338 852 2367 La
871 2337 999 2367 famille
1018 2337 1057 2366 de
1075 2337 1229 2377 Walpole
1243 2336 1325 2366 etait
1342 2337 1411 2365 tres
1430 2335 1608 2376 puissante
1625 2333 1710 2362 dans

247 2381 332 2406 cette
350 2378 468 2416 re'gion
487 2378 585 2417 qu'on
607 2378 760 2418 appelait
777 2378 868 2407 alors
885 2392 901 2405 u
914 2379 982 2408 l'ile
1002 2390 1015 2406 ))
1034 2377 1140 2416 d'Ely.

287 2418 435 2447 Thomas
451 2418 588 2453 Button,
607 2420 733 2458 fiveque
751 2418 906 2448 d'Exeter
920 2419 1139 2457 (1292-1307).

288 2458 428 2489 Gautier
446 2459 485 2488 de
503 2459 668 2499 Langton,
689 2462 814 2499 eve-que
832 2460 872 2489 de
887 2460 1056 2498 Coventry
1070 2463 1102 2488 et
1118 2459 1159 2488 de
1176 2457 1340 2487 Lichfield
1355 2457 1574 2497 (1296-1321).
1590 2456 1617 2485 Il
1631 2455 1714 2485 etait

247 2499 411 2528 tresorier
435 2500 479 2529 du
507 2510 668 2539 royaume
694 2505 725 2529 et
752 2505 844 2530 resta
870 2511 914 2529 un
944 2500 1003 2529 des
1036 2500 1209 2529 meilleurs
1238 2498 1436 2528 conseillers
1466 2496 1659 2527 d'Edouard
1685 2497 1708 2532 Ι,

249 2540 336 2569 mais
358 2540 382 2569 il
407 2551 440 2569 se
464 2541 613 2570 brouilla
631 2541 671 2571 de
689 2541 799 2571 bonne
816 2541 920 2570 heure
938 2552 1018 2570 avec
1039 2540 1068 2571 le
1092 2541 1208 2580 prince
1225 2539 1366 2569 he'ritier
1385 2538 1441 2578 qui
1465 2539 1496 2568 le
1514 2539 1551 2568 fit
1570 2538 1654 2578 jeter
1671 2547 1711 2566 en

249 2580 366 2620 prison
389 2581 536 2611 aussitot
555 2583 654 2622 apr'es
676 2582 709 2611 la
730 2587 819 2611 mort
840 2582 884 2611 du
905 2582 967 2612 roi.
989 2582 1103 2612 Pierre
1123 2581 1164 2611 de
1185 2580 1356 2611 Gaveston
1377 2579 1407 2609 le
1427 2579 1601 2619 remplaga
1625 2578 1710 2607 dans

248 2621 370 2651 1'0ffice
385 2622 425 2651 de
440 2623 614 2652 tresorier.

291 2662 419 2697 Simon,
436 2665 561 2703 eveque
579 2664 618 2693 de
633 2663 1036 2702 salisbury(1297-1315'1.
1054 2663 1080 2692 Il
1095 2663 1177 2692 etait
1193 2664 1234 2692 ne‘
1249 2665 1269 2691 ἐι
1287 2661 1395 2696 Gand,
1412 2661 1498 2690 mais
1515 2660 1541 2690 il
1555 2660 1648 2690 avait
1660 2661 1712 2690 ete

249 2703 341 2732 e'levc'¹
362 2707 381 2732 ἐι
396 2704 563 2738 Lond1·es;
580 2705 603 2734 il
625 2705 717 2735 avait
734 2705 764 2734 le
779 2715 894 2733 rcnom
914 2704 991 2733 d'un
1013 2703 1127 2733 habile
1146 2703 1351 2743 theologien.

291 2744 339 2773 En
358 2745 447 2781 1300,
465 2745 616 2785 leveque
633 2746 673 2775 de
690 2745 874 2775 Rochester
891 2745 973 2774 etait
990 2744 1138 2774 Thomas
1156 2744 1196 2774 de
1217 2742 1420 2774 Wouldham
1435 2741 1660 2783 (1292-1317>;
1675 2741 1707 2770 le
