1796 3153
253 229 291 259 68
587 227 781 258 CHARTES
807 227 885 258 DES
910 218 1118 259 LlBERTliS
1142 228 1378 259 ANGLAISES

253 313 352 362 post
378 320 509 346 unum
540 320 697 345 annum
733 313 774 346 et
806 320 937 345 unum
970 304 1083 345 diem
1120 305 1288 362 plegios
1326 305 1520 347 invenire
1550 306 1708 363 possit,

253 381 373 413 excat
400 388 419 412 a
449 371 645 429 prisona3
675 372 740 412 sin
766 380 922 423 autem,
951 373 1121 428 abjuret
1143 388 1322 429 regnum
1347 373 1518 431 Auglic.

312 441 377 481 ll.
415 440 673 496 Quicunque
724 439 1102 496 archicpiscoqu
1152 441 1406 497 episcopuS,
1458 457 1601 481 comes
1649 441 1711 482 vel

251 508 379 549 baro¹
418 507 640 548 transierit
684 523 762 564 pcr
812 507 1012 547 forestam
1049 515 1263 557 nostram,
1304 507 1430 548 liceat
1474 508 1510 548 ei
1559 524 1712 565 capere

250 593 376 617 unam
397 575 461 616 vel
482 576 586 616 duas
608 574 768 615 bestias
790 591 867 632 pcr
884 574 1020 616 visum
1045 575 1274 625 forestarii,
1297 574 1330 615 si
1354 591 1533 632 presens
1555 576 1708 627 suerit3

250 643 313 684 sin
337 651 494 692 autem,
520 643 645 683 saciat
667 642 854 692 cornari,
879 658 931 683 ne
952 641 1150 683 videatur
1173 641 1323 683 furtive
1350 643 1431 684 hoc
1454 642 1592 684 facere
1610 643 1640 683 2.

307 737 373 779 12.
409 736 719 793 Unusquisque
762 736 874 777 liber
922 737 1051 777 homo
1099 736 1302 777 decetero
1350 736 1443 777 sinc
1482 736 1710 778 occasione

248 805 372 846 saciat
395 804 439 845 in
464 805 597 845 bosco
626 820 718 854 suo,
745 804 810 844 vel
839 803 881 844 in
909 812 1024 844 terra
1050 821 1122 845 sua
1144 820 1270 860 quam
1294 804 1451 844 habeat
1469 805 1512 845 in
1535 805 1707 853 foresta,

249 872 567 922 molendinum,
599 871 824 922 vivarium,
856 879 1078 928 stagnum,
1107 872 1354 921 marleram,
1385 872 1613 923 fossatum,
1645 872 1710 912 vel

246 949 404 982 terram
447 939 654 980 arabilem
692 947 810 980 extra
854 939 1162 995 eooperatumss
1202 939 1242 979 in
1283 948 1396 980 terra
1438 939 1611 990 arabili,
1654 941 1708 980 ita

247 1007 364 1065 quod
392 1023 479 1048 non
505 1006 561 1047 sit
587 1007 639 1047 ad
662 1014 968 1047 nocumentum
993 1006 1174 1062 alicujus
1198 1006 1343 1047 vicini.

307 1100 372 1142 13.
409 1101 718 1157 Unusquisque
744 1100 854 1140 liber
878 1100 1006 1140 homo
1032 1101 1189 1141 habeat
1215 1101 1258 1140 in
1280 1100 1426 1141 boscis
1449 1101 1536 1141 suis
1563 1117 1709 1142 aereas

247 1167 534 1226 ancipitrum4
559 1177 599 1208 ct
624 1168 941 1224 spervariorum
971 1175 1012 1207 et
1038 1167 1269 1217 falconum,
1299 1168 1555 1224 aquilarum,
1583 1177 1626 1209 et
1657 1169 1709 1209 dc

245 1236 437 1293 heyrinis
455 1237 485 1286 5,
512 1243 554 1276 et
584 1236 740 1276 habeat
771 1234 969 1276 similiter
1002 1235 1084 1276 mel
1113 1235 1228 1291 quod
1257 1235 1479 1276 inventum
1509 1235 1636 1277 fuerit
1666 1236 1707 1276 in

246 1304 388 1345 boscis
414 1304 517 1345 suis.

307 1397 373 1439 14.
409 1397 563 1439 Nullus
592 1395 844 1437 forestarius
872 1396 924 1437 de
950 1404 1120 1446 cetero,
1151 1396 1222 1453 qui
1256 1412 1339 1437 non
1372 1397 1426 1437 sit
1459 1396 1708 1438 forestarius

245 1466 297 1507 de
338 1465 465 1507 feudo
503 1464 692 1505 reddens
732 1464 857 1504 nobis
901 1464 1066 1504 firmam
1113 1480 1191 1520 pro
1240 1464 1394 1504 balliva
1434 1481 1530 1514 sua,
1570 1464 1709 1522 capiat

245 1533 557 1591 chiminagium
589 1531 764 1588 aliquod
798 1531 840 1571 in
876 1531 1030 1572 balliva
1066 1547 1165 1581 sua;
1196 1531 1447 1572 forestarius
1482 1541 1623 1573 autem
1656 1532 1709 1574 de

247 1601 372 1642 feudo
397 1600 562 1640 firmam
588 1599 714 1639 nobis
742 1599 928 1639 reddens
951 1615 1030 1655 pro
1057 1599 1209 1639 balliva
1233 1615 1307 1640 sua
1335 1600 1477 1656 capiat
1498 1599 1710 1640 chimina-

243 1668 383 1727 gium‚
412 1667 615 1708 videlicet
635 1682 714 1723 pro
739 1675 880 1707 careta
901 1682 979 1722 per
1000 1666 1227 1707 dimidium
1254 1683 1412 1707 annum
1441 1667 1548 1708 duos
1577 1666 1709 1707 dena-

244 1736 354 1786 rios,
382 1744 424 1776 et
456 1751 532 1792 per
557 1733 686 1774 alium
711 1733 939 1774 dimidium
968 1749 1126 1774 annum
1160 1733 1267 1774 duos
1299 1733 1524 1783 denarios,
1561 1742 1601 1774 et
1631 1749 1709 1790 pro

244 1819 354 1860 equo
378 1803 450 1859 qui
473 1809 617 1859 portat
639 1800 881 1858 sumagium
904 1817 982 1857 per
1007 1800 1233 1841 dimidium
1257 1816 1415 1841 annum
1442 1817 1572 1842 unum
1601 1801 1707 1840 obo-

243 1871 352 1922 lum,
381 1879 422 1911 ct
451 1886 528 1926 per
555 1869 684 1910 alium
707 1868 935 1909 dimidium
959 1884 1118 1909 annum
1141 1868 1340 1919 obolum,
1367 1877 1408 1909 et
1430 1884 1516 1909 non
1547 1868 1628 1908 nisi
1656 1867 1708 1907 dc

243 1938 328 1979 illis
367 1936 439 1994 qui
481 1936 533 1977 de
580 1945 697 1976 extra
739 1935 937 1976 ballivam
981 1952 1121 1985 suam,
1166 1944 1370 1992 tanquam
1421 1943 1704 1984 mercatores,

241 2006 421 2046 veniunt
444 2020 521 2061 per
548 2003 774 2044 licenciam
806 2018 924 2043 suam
957 2003 998 2043 in
1033 2003 1233 2043 ballivam
1263 2019 1381 2043 suam
1416 2002 1468 2043 ad
1506 2003 1704 2051 buscam,

244 2073 511 2122 mercmium,
533 2072 736 2112 corticem
755 2071 820 2111 vel
843 2070 1077 2111 carbonem
1099 2070 1346 2119 emendum,
1366 2078 1408 2110 et
1427 2069 1530 2110 alias
1551 2070 1706 2110 ducen-

243 2140 343 2181 dum
365 2140 415 2180 ad
436 2139 711 2180 vendendum
732 2138 803 2178 ubi
826 2138 1041 2178 voluerint
1064 2154 1070 2177 :
1095 2146 1137 2178 et
1161 2137 1213 2179 de
1236 2137 1351 2178 nulla
1375 2137 1456 2178 alia
1479 2145 1620 2178 carcta
1641 2136 1705 2177 vel

243 2208 436 2264 sumagio
458 2206 635 2262 aliquod
653 2205 979 2263 chimunagium
1003 2205 1120 2260 (sz'css)
1146 2204 1341 2262 capiatur
1367 2222 1373 2245 :
1398 2213 1439 2246 ct
1465 2220 1549 2245 non
1569 2204 1705 2260 capia-

240 2284 310 2316 tur
335 2273 643 2331 chiminagium
673 2273 756 2313 nisi
786 2273 830 2313 in
858 2271 964 2313 locis
994 2272 1078 2313 illis
1108 2272 1181 2313 ubi
1210 2272 1449 2329 antiquitus
1472 2272 1568 2328 capi
1595 2271 1704 2312 sole-

282 2438 310 2467 1.
336 2438 413 2466 1225
436 2436 549 2476 ajoute
569 2447 575 2465 :
596 2436 726 2465 veniens
744 2436 790 2465 ad
807 2446 865 2464 nos
881 2436 926 2465 ad
940 2435 1137 2466 mandatum
1154 2439 1314 2465 ηοείνιιηι.

281 2480 309 2507 2.
338 2479 414 2507 ‘1225
432 2479 544 2516 ajoute
561 2487 565 2506 2
586 2477 674 2506 Idem
697 2477 794 2506 liceat
813 2476 859 2506 eis
878 2477 907 2506 ιή
926 2477 1095 2506 redeundo
1113 2478 1225 2516 faeere
1247 2477 1330 2506 sicul
1346 2476 1531 2516 predictum
1549 2481 1610 2507 est.

280 2521 309 2549 3.
335 2519 423 2548 Dans
442 2519 519 2548 ‘1225
536 2528 541 2547 z
560 2519 766 2558 Cooperlmn‚
783 2518 877 2557 leg-on
896 2518 950 2558 qui
969 2529 1002 2547 sc
1020 2523 1139 2548 trouve
1156 2518 1247 2547 aussi
1267 2519 1351 2547 (lans
1370 2528 1433 2547 une
1452 2518 1509 2547 (les
1527 2518 1641 2558 copies
1657 2517 1696 2546 de

240 2560 273 2590 la
290 2560 405 2589 charte
424 2560 464 2588 de
482 2559 571 2588 1217.

279 2602 308 2630 4.
334 2601 424 2630 Dans
445 2600 475 2629 le
496 2600 681 2629 fac-simile
699 2602 803 2640 grave
827 2599 867 2629 de
890 2599 922 2628 la
947 2599 1062 2629 charte
1086 2600 1126 2629 de
1150 2600 1226 2629 1217
1249 2603 1281 2629 et
1299 2599 1383 2629 dans
1401 2600 1434 2629 la
1452 2599 1697 2639 transcription

238 2641 296 2671 des
311 2644 468 2676 Statzctae,
489 2641 513 2669 il
531 2652 551 2680 y
569 2651 587 2670 a
606 2641 649 2670 ici
668 2641 852 2670 seulement
875 2640 1084 2680 [anjciptzcm.
1106 2641 1151 2670 La
1170 2641 1263 2679 logon
1282 2641 1481 2680 ancipitrum
1498 2641 1597 2680 (pour
1615 2640 1702 2669 acei-

235 2682 372 2722 pitrum)
390 2687 441 2712 est
460 2682 590 2711 fournie
608 2693 671 2722 par
689 2682 721 2711 la
738 2682 854 2711 charte
872 2682 912 2711 de
931 2682 1019 2710 1225.

279 2726 306 2752 5.
332 2722 574 2763 L'Inspeximus
589 2723 782 2752 d‘Edouard
798 2724 809 2752 I
827 2727 924 2763 porte
941 2733 946 2752 :
963 2725 992 2751 et
1007 2721 1191 2752 lzeironum.

278 2767 308 2793 6.
334 2764 423 2794 Dans
448 2765 526 2793 '1225
547 2774 552 2793 :
574 2763 837 2805 Clteminagium.
