1796 3153
253 142 288 170 72
588 138 783 169 efflares
807 137 886 167 Des
910 129 1118 168 Lissssa‘riis
1143 137 1378 168 ANGLAlsEs

253 216 445 264 Ilenrici,
478 215 558 256 Dei
594 214 740 271 gracia
773 212 905 270 Regis
940 213 1096 270 Anglie
1132 212 1336 261 illustris,
1367 221 1408 253 et
1439 212 1712 254 dominorum

254 283 424 325 Ricardi
457 281 629 323 comitis
661 281 900 329 Cornubie,
933 280 1076 320 fratris
1104 281 1190 330 sui,
1223 280 1382 337 Rogeri
1407 280 1576 321 comitis
1603 282 1712 321 Nor-

253 353 411 394 folchie
443 360 485 393 et
519 350 779 400 Sufl'olchie‚
818 350 1055 391 marescalli
1090 350 1269 407 Anglie,
1306 350 1506 392 Hunfridi
1543 349 1712 391 comitis

252 420 528 469 IIerel'ordie,
577 417 772 475 Ilugonis
827 418 997 458 comitis
1047 419 1235 468 Oxonie,
1285 419 1492 459 Johannis
1544 418 1713 458 comitis

250 488 457 544 VVarwyk
487 495 531 527 et
566 486 747 527 aliorum
776 484 1032 542 optimatum
1063 486 1187 544 regui
1221 486 1400 543 Anglie,
1431 495 1509 527 nos
1544 485 1713 526 Bonisa-

251 556 343 597 cius
364 554 508 595 divina
528 552 812 594 miseracione
834 553 1160 594 Cantuariensis
1183 553 1555 610 archiepiscopus,
1573 551 1713 594 tocius

250 622 407 680 Anglie
464 622 647 678 primas,
704 620 838 661 Fulco
893 620 1235 671 Londonieusis,
1302 623 1425 678 Hugo
1492 620 1710 676 Elyensis,

251 690 469 731 Robertus
507 686 849 737 Lincolniensis,
888 687 1107 731 XYalterus
1150 687 1507 746 XVygorniensis,
1548 687 1713 731 Walte-

251 773 322 797 rus
352 754 669 803 Norwicensis,
698 756 851 795 Petrus
878 754 1244 805 l‘Ierefordiensis,
1272 755 1519 798 XVillelmus
1549 754 1714 797 Sarris—

251 823 487 873 heriensis,
531 822 750 865 XValterus
798 822 1127 871 Dunolmensis,
1172 822 1382 863 Ricardus
1430 822 1711 871 Exoniensis,

253 890 460 932 Silvester
488 887 796 937 Karliolensis,
820 887 1067 932 XVillelmus
1095 888 1426 935 Bathoniensis,
1455 889 1714 930 Laurentius

253 956 490 1008 Ross'cnsis‚
542 958 730 997 Thomas
790 955 1065 996 Menevensis
1122 956 1337 1013 episcopi,
1392 956 1714 1013 pontificalibus

252 1020 414 1071 induti,
464 1020 655 1061 candelis
706 1020 922 1070 accensis,
972 1020 1014 1060 in
1065 1029 1411 1077 transgressores
1465 1021 1715 1062 libertatum

251 1088 642 1130 ecclesiasticarum
666 1096 707 1129 et
730 1088 978 1129 libertatum
999 1104 1071 1127 seu
1095 1087 1329 1129 liberarum
1351 1089 1715 1130 consuetudinum

252 1157 375 1215 regni
408 1156 586 1214 Anglie,
620 1164 662 1196 et
694 1155 902 1211 precipue
934 1171 1078 1195 earum
1108 1172 1189 1212 que
1219 1156 1500 1197 continentur
1529 1157 1570 1197 in
1600 1164 1716 1196 carta

252 1223 543 1265 communium
573 1222 822 1263 libertatum
860 1222 984 1279 regni
1021 1231 1061 1263 et
1095 1231 1209 1264 carta
1246 1223 1298 1264 de
1331 1224 1510 1274 foresta,
1545 1239 1716 1264 excom-

253 1289 565 1331 municacionis
621 1288 887 1329 sentenciam
945 1289 1229 1346 solempniter
1275 1290 1453 1331 tulimus
1507 1291 1587 1332 sub
1638 1292 1716 1332 hae

254 1358 386 1399 forma
408 1374 415 1397 z

309 1424 579 1466 Auctoritate
607 1424 687 1465 Dei
715 1423 1030 1480 omnipotentis
1062 1424 1220 1480 patris,
1253 1432 1293 1465 et
1325 1425 1424 1475 filii,
1456 1434 1496 1466 et
1528 1425 1717 1482 Spiritus

253 1492 406 1540 sancti,
433 1501 474 1532 et
500 1491 691 1550 gloriose
716 1491 795 1532 Dei
821 1491 1048 1549 genitricis
1074 1508 1331 1549 semperque
1355 1493 1536 1550 virginis
1558 1494 1715 1542 Mario,

253 1561 481 1600 beatorum
516 1559 812 1615 apostolorum
845 1559 962 1600 Petri
991 1567 1032 1598 et
1063 1559 1206 1610 Pauli,
1237 1559 1516 1617 omniumque
1550 1569 1718 1616 aposto-

252 1627 415 1677 lorum,
443 1627 557 1667 beati
589 1627 754 1667 Thome
783 1625 1101 1683 archiepiscopi
1135 1635 1175 1666 et
1205 1627 1412 1675 martiris,
1438 1627 1716 1684 omniumque

254 1694 493 1744 martirum,
519 1693 633 1734 beati
657 1693 860 1734 Edwardi
889 1693 1020 1750 Regis
1043 1694 1215 1749 Anglie,
1243 1694 1523 1751 omniumque
1549 1695 1718 1736 conses-

254 1778 398 1802 sorum
425 1770 467 1801 et
493 1761 731 1818 virginum,
757 1760 1036 1816 omniumque
1067 1770 1314 1802 sanctorum
1341 1762 1441 1812 Dei,
1469 1778 1717 1803 excommu-

256 1829 448 1870 nicamus
490 1837 532 1869 et
570 1829 948 1869 anatematizamus
987 1837 1027 1868 et
1065 1845 1087 1869 a
1125 1828 1348 1869 liminibus
1387 1838 1532 1870 sancte
1570 1831 1718 1871 matris

255 1896 450 1937 Ecclesie
485 1904 807 1952 sequestramus
844 1911 992 1936 omnes
1026 1896 1122 1937 illos
1160 1895 1231 1952 qui
1268 1897 1421 1937 amodo
1457 1897 1644 1937 scienter
1677 1905 1719 1938 et

255 1963 476 2004 maliciose
515 1962 719 2003 ecclesias
753 1962 1016 2018 privaverint
1053 1963 1119 2003 vel
1164 1963 1443 2020 spoliaverint
1483 1979 1560 2005 suo
1598 1966 1716 2018 jure3

255 2031 358 2072 item
390 2046 541 2071 omnes
574 2030 672 2071 illos
701 2031 775 2087 qui
813 2030 1130 2071 ecclesiasticas
1165 2031 1388 2072 libertates
1424 2031 1488 2072 vel
1518 2031 1718 2088 antiquas

256 2097 379 2155 regni
417 2096 756 2138 consuetudines
790 2098 1075 2153 approbatas,
1107 2106 1146 2138 et
1180 2098 1387 2154 precipue
1420 2098 1644 2138 libertates
1677 2106 1719 2138 et

255 2163 414 2204 liberas
437 2164 776 2219 consuetudines
804 2180 887 2220 quc
919 2164 961 2204 in
993 2165 1122 2205 cartis
1152 2164 1442 2205 communium
1470 2165 1719 2206 libertatum

256 2240 298 2271 et
325 2230 378 2271 de
409 2232 566 2272 foresta
597 2232 894 2281 continentur,
924 2232 1144 2272 concessis
1173 2248 1193 2272 a
1223 2232 1398 2273 domino
1429 2235 1544 2289 Rege
1577 2232 1719 2273 arehi-

257 2299 499 2355 episcopis,
533 2299 751 2356 episcopis
782 2308 822 2339 et
854 2299 1008 2340 ceteris
1041 2299 1198 2357 Anglie
1229 2299 1429 2356 prelatis,
1461 2300 1716 2349 comitibus,

258 2365 514 2416 baronibus,
548 2365 758 2407 militibus
789 2375 830 2407 et
860 2366 996 2407 libere
1026 2367 1300 2416 tenentibus,
1333 2382 1602 2423 quacumque
1628 2375 1717 2407 arte

254 2433 320 2473 vel
345 2433 520 2490 ingenio
547 2434 815 2483 violaverint,
848 2433 1128 2491 infregerint,
1157 2434 1442 2475 diminuerint
1463 2450 1537 2475 seu
1562 2434 1718 2475 immu-

258 2500 464 2550 taverint,
489 2501 597 2541 clam
624 2501 687 2541 vel
715 2501 879 2557 palam,
909 2501 1042 2551 sacto,
1069 2503 1201 2542 verbo
1235 2501 1300 2542 vel
1330 2501 1535 2555 consilio,
1568 2510 1716 2542 contra

258 2567 353 2607 illas
394 2567 460 2608 vel
506 2583 651 2608 earum
696 2568 882 2624 aliquam
932 2569 974 2609 in
1018 2585 1290 2625 quocumque
1336 2569 1517 2609 articulo
1556 2578 1718 2610 temere

257 2634 495 2685 vcniendo3
526 2635 628 2676 item
662 2651 811 2676 omncs
842 2635 938 2677 illos
969 2637 1041 2692 qui
1072 2645 1221 2677 contra
1252 2635 1346 2676 illas
1378 2636 1441 2676 vel
1471 2652 1615 2676 carum
1640 2635 1717 2676 ali-
