1796 3153
249 207 307 236 126
586 207 781 238 CHARTES
806 207 885 237 DES
910 200 1120 238 LIBERTES
1141 208 1378 240 ANGLAlSES

248 283 362 313 Pierre
382 283 422 313 de
455 293 469 311 «
497 283 666 313 Cancellis
690 294 718 313 1).
745 284 780 313 21
808 283 885 324 (40),
915 285 953 313 35

290 332 366 373 (50).

289 400 328 405 —-
371 382 411 411 de
430 383 575 422 Mauley.
595 384 644 418 59,
661 384 712 412 63.

288 449 329 454 —
372 431 411 461 de
427 432 560 462 Savoie.
577 434 626 462 73.

292 499 327 503 —
372 481 431 511 des
448 482 591 517 Roches,
607 483 658 512 ἐν.
674 482 714 512 (18
727 481 950 513 Winchester.

292 532 342 565 26,
360 532 409 565 39,
430 532 480 566 46,
500 533 548 561 59.

290 598 331 604 --
373 580 615 611 Fils-Herhert.
640 582 688 615 26,
707 583 757 617 40,
779 583 828 611 59.

252 630 381 660 Placita
412 630 454 659 nd
480 641 641 661 coronam
669 631 886 672 pertinentia.
916 632 951 661 17

293 679 368 720 (14).

292 747 331 752 -—
374 730 579 760 communia.
605 730 642 759 16
665 730 721 771 (8),
751 732 789 760 30
813 731 889 772 (17),
914 732 950 761 51

292 779 368 819 (11).
390 779 463 809 Plai
484 790 653 810 commun.
677 781 735 810 104
753 780 807 822 (4).

293 847 328 851 —
372 840 506 859 corone.
526 831 563 859 52
581 830 656 870 (17).

292 897 332 902 -
375 880 414 909 (18
440 880 576 911 foresta.
600 882 639 910 69
657 880 733 920 (16).

291 946 331 952 —-
373 929 413 959 de
427 934 530 959 terra.
550 930 609 959 106
624 931 699 969 (15).

253 978 369 1008 Plaids
394 979 434 1009 de
453 979 570 1009 l'h0tel
587 980 631 1009 du
649 980 711 1010 roi.
728 981 797 1010 103.

252 1028 374 1058 Police.
393 1030 465 1067 (106
479 1029 555 1070 (17),
576 1030 632 1059 107
650 1030 766 1070 (note).

252 1079 418 1109 Pondera.
438 1080 473 1109 17
492 1080 568 1120 (12),
588 1081 625 1109 32
644 1080 717 1120 (35),
737 1081 775 1109 54
793 1080 868 1121 (25).

253 1307 546 1348 Quadripartitus.
562 1318 608 1345 x1,
632 1319 716 1340 an.

254 1357 410 1398 Quinque
443 1358 579 1388 Portus.
612 1359 819 1399 Cinq-Ports
856 1360 954 1397 (Dou-

292 1417 382 1444 vres,
401 1407 596 1445 Sandwich,
613 1409 775 1450 Romney.
793 1409 902 1450 Hythe
922 1414 955 1441 et

251 1645 464 1685 Radulphus.
480 1646 560 1686 Voy.
581 1647 700 1676 Raoul.

251 1695 362 1735 Ralph
386 1696 586 1732 Sandwich,
617 1697 817 1727 connetable
846 1697 885 1727 de
917 1697 950 1727 la

292 1745 382 1775 Tour
400 1746 439 1775 de
457 1746 618 1776 Londres.
640 1748 689 1776 81.

250 1795 452 1826 Rannulfus.
476 1797 556 1836 Voy.
575 1798 715 1827 Renouf.

250 1846 368 1881 Raoul,
385 1846 472 1875 abbe'
490 1846 704 1877 d'Evesham.
722 1850 770 1882 59,
790 1848 838 1877 62.

291 1913 330 1918 —-
373 1895 564 1931 d·Escures,
584 1899 634 1927 ἐν.
652 1897 691 1926 (18
708 1898 903 1928 Rochester.
919 1900 948 1927 6.

289 1963 329 1968 -—-
372 1945 412 1975 de
430 1946 672 1976 Monthermer.
690 1948 739 1983 91,
762 1948 812 1976 93.

291 2013 331 2018 -
375 1995 414 2024 (18
437 1995 580 2032 Neville,
605 1998 657 2026 ἐν.
681 1996 721 2026 (18
739 1997 948 2027 Chichester.

292 2047 341 2079 59,
359 2046 408 2074 61.

251 2094 361 2134 Rapin
379 2095 419 2124 de
437 2095 592 2136 Thoyras
611 2096 709 2135 (Paul
727 2096 790 2136 de).
813 2106 867 2126 Lx.

250 2144 522 2184 Recognitiones.
544 2145 581 2175 16
595 2146 651 2186 (8)⁷
671 2148 709 2175 30
723 2146 800 2187 (18),
821 2147 857 2176 51
874 2146 949 2187 (12).

250 2193 426 2223 Redimere
444 2199 582 2225 terram.
601 2197 618 2224 3
636 2196 690 2234 (2).

250 2243 475 2283 Redingensis
490 2244 610 2275 abbas.
626 2246 720 2275 Abbe'z
731 2246 771 2276 de
785 2246 950 2286 Reading.

289 2295 374 2335 Voy.
395 2295 523 2325 Simon.

248 2345 470 2385 Reginaldus.
487 2345 566 2385 Voy.
585 2345 737 2375 Renaud.

249 2394 497 2434 Reguardores.
512 2395 742 2435 Regum-dum.
755 2396 794 2426 66
808 2395 851 2436 (5,
865 2397 893 2432 6,
907 2396 947 2436 7).

249 2443 396 2479 Reinier,
418 2445 468 2474 όν.
497 2444 538 2473 (18
565 2445 805 2485 Saint-Asaph.
827 2446 877 2480 46,
899 2448 949 2475 60.

249 2493 412 2523 Relevare
436 2497 573 2523 terram.
597 2495 614 2523 3
634 2494 690 2535 (2).

248 2543 434 2573 Relevatio.
452 2543 639 2574 Relevium.
660 2546 677 2573 5
699 2544 755 2584 (6),
778 2545 816 2574 15
836 2543 893 2586 (1),
913 2545 951 2575 16

291 2592 347 2633 (2),
367 2594 405 2622 20
422 2592 499 2634 (37),
517 2594 554 2622 27
579 2593 621 2633 (2,
640 2594 683 2634 3),
702 2595 741 2623 34
757 2594 834 2635 (43),
851 2596 887 2624 47
906 2594 948 2634 (2,

289 2642 391 2683 note),
408 2644 445 2672 48
460 2643 515 2683 (3).

251 2692 388 2723 Renaud
403 2692 443 2721 de
459 2692 620 2722 Braouse.
640 2694 689 2729 59,
705 2695 754 2722 63.

290 2758 330 2764 -—
372 2741 413 2771 de
431 2741 531 2782 Grey.
549 2743 599 2778 91,
618 2744 667 2773 93.

1019 284 1142 314 Pontes
1160 285 1196 314 17
1215 284 1290 325 (11),
1313 286 1348 315 31
1369 285 1444 326 (23),
1467 287 1504 316 52
1522 286 1598 328 (15).

1019 333 1099 364 Port
1117 333 1194 375 ((18).
1214 335 1295 375 Voy.
1314 336 1428 365 Henri.

1017 384 1206 414 Pouralle'e.
1225 393 1317 415 va1.

1017 433 1167 474 Precipe.
1188 435 1294 464 Breve
1312 435 1402 475 quod
1413 438 1566 465 vocatur.
1585 435 1622 464 18
1635 435 1712 475 (24),

1059 484 1096 513 32
1114 484 1191 525 (34),
1207 485 1245 513 54
1261 484 1336 526 (24).

1017 534 1186 564 Prenours
1207 539 1239 565 et
1262 545 1452 575 purveours
1472 535 1513 565 de
1532 535 1649 565 l'hotel
1671 535 1716 565 du

1058 584 1120 614 roi.
1141 585 1195 614 101
1218 584 1275 625 (2).

1018 633 1127 663 Prisa.
1143 634 1239 663 Droit
1255 634 1296 663 de
1314 634 1418 674 prise.
1437 635 1475 663 18
1491 634 1566 675 (20),
1586 634 1620 663 31
1638 633 1714 674 (28),

1059 683 1096 711 32
1122 682 1184 722 (30,
1206 682 1269 723 31),
1293 684 1330 712 53
1352 683 1412 719 (19,
1441 683 1502 725 21),
1522 684 1559 713 54
1583 682 1659 723 (21),
1679 684 1715 712 77

1059 732 1135 772 (11),
1152 734 1190 761 88
1207 733 1248 770 (2,
1268 732 1310 773 3),
1331 733 1386 762 101
1405 733 1460 773 (2).

1019 782 1152 822 Prynne
1169 782 1357 823 (William).
1376 792 1450 812 L111.

1018 831 1168 861 Purlieu.
1186 841 1277 861 LXVI.

1018 880 1258 920 Purprestura.
1277 882 1316 910 66
1337 881 1389 922 (4).

1018 931 1224 961 Purveance.
1261 932 1330 961 102.
1367 932 1448 971 Voy.
1485 932 1653 961 Prenours
1686 935 1719 961 et

1059 991 1260 1021 purveours.

1018 1031 1112 1071 Pym,
1127 1041 1248 1061 vam.

1060 1312 1236 1352 Hastings,
1253 1323 1333 1342 avec
1350 1313 1442 1343 leurs
1454 1312 1716 1353 dependanees).

1059 1364 1094 1393 51
1113 1363 1167 1404 (9).

1018 1647 1156 1677 Renaud
1171 1646 1211 1676 de
1224 1647 1378 1676 vautort.
1394 1647 1443 1681 46,
1462 1646 1512 1675 61.

1017 1697 1158 1732 Renouf,
1175 1701 1283 1726 comte
1300 1696 1340 1725 de
1358 1696 1508 1726 Chester.
1529 1696 1578 1732 11,
1600 1697 1649 1732 46,
1666 1697 1715 1730 59,

1057 1748 1108 1776 60.

1057 1815 1096 1819 —
1139 1796 1179 1826 (18
1200 1797 1364 1837 Walpole,
1395 1798 1446 1826 ἐν.
1478 1796 1518 1825 (18
1545 1796 1714 1833 Norwioh,

1058 1848 1137 1887 prbs
1155 1847 1263 1886 d’Ely.
1283 1847 1332 1883 91,
1348 1847 1397 1876 92.

1017 1897 1199 1929 Retourns.
1219 1896 1341 1926 Brevia
1360 1901 1546 1926 rcturnare.
1567 1897 1625 1926 106
1639 1896 1713 1937 (16).

1017 1947 1175 1982 Richard,
1192 1947 1279 1977 abbe}
1300 1947 1339 1976 de
1363 1947 1485 1976 Battle.
1504 1949 1552 1982 59,
1572 1947 1622 1975 61.

1057 2016 1097 2020 -—
1139 1997 1239 2027 Coeur
1252 1997 1292 2026 (18
1309 1996 1404 2026 Lion.
1423 2006 1476 2032 xv,
1493 2005 1569 2032 va,
1586 1998 1635 2032 35,
1652 1996 1715 2036 (52,

1058 2048 1121 2089 53),
1137 2050 1175 2078 65
1190 2047 1247 2088 (3).

1057 2117 1097 2120 —
1141 2098 1182 2127 ΙΙ.
1200 2107 1231 2127 L.

1057 2165 1097 2170 —-
1139 2151 1247 2177 comte
1279 2147 1319 2176 de
1349 2146 1595 2182 Cornouailles,
1631 2146 1717 2176 frbre

1059 2197 1098 2226 de
1116 2196 1218 2226 Henri
1235 2197 1294 2226 III.
1313 2197 1361 2232 72,
1382 2197 1429 2226 74.

1057 2264 1098 2268 —
1140 2246 1357 2286 d'Argenton.
1377 2247 1425 2282 59,
1444 2247 1493 2275 63.

1057 2314 1098 2318 ——
1140 2295 1180 2325 de
1212 2296 1382 2336 Barking,
1414 2296 1500 2325 abbe'
1534 2295 1575 2325 de
1607 2295 1716 2325 west-

1058 2346 1213 2376 minster.
1232 2347 1281 2381 59,
1300 2346 1349 2375 62.

1057 2413 1096 2419 —
1139 2396 1179 2425 de
1202 2396 1370 2432 Beausou,
1398 2396 1449 2425 ἐν.
1475 2394 1714 2426 d'Avranches.

1058 2446 1107 2476 11.

1057 2514 1097 2518 —
1139 2495 1179 2524 de
1194 2494 1400 2530 Gravesend,
1422 2495 1472 2524 dv,
1494 2493 1535 2524 de
1552 2494 1716 2525 Londres.

1057 2545 1107 2581 91,
1126 2546 1175 2575 92.

1056 2613 1096 2617 -
1139 2595 1179 2624 (18
1202 2595 1360 2634 Kellesay
1378 2593 1523 2634 (Kelsey,
1549 2593 1713 2633 Lincoln),

1058 2644 1145 2674 abbe}
1164 2644 1204 2673 de
1220 2644 1335 2684 Selby.
1355 2645 1404 2678 53,
1423 2643 1471 2672 62.

1059 2711 1094 2716 -—
1137 2694 1177 2723 de
1194 2693 1400 2723 Montfichet.
1420 2694 1468 2729 59,
1487 2694 1536 2722 63.

1057 2761 1096 2765 —
1138 2743 1178 2772 de
1196 2743 1297 2783 Lucy.
1318 2743 1367 2772 14.
