1796 3153
290 205 328 236 16
627 204 825 235 CHARTES
848 204 928 235 DES
953 194 1164 235 LIBERTES
1188 203 1426 235 ANGLAISES

347 281 388 322 2.
425 282 616 323 Heredes
644 281 716 338 qui
751 282 862 322 infra
887 290 1045 322 etatem
1071 290 1171 322 sunt
1201 290 1242 322 et
1273 281 1434 322 fuerint
1466 282 1508 323 in
1539 282 1759 332 custodia,

290 365 384 389 cum
409 349 461 389 ad
481 357 637 390 etatem
657 348 951 406 pervenerint,
973 349 1199 389 habebunt
1217 348 1503 390 hereditatem
1526 365 1645 390 suam
1669 349 1763 391 sine

292 419 451 459 relevio
480 427 521 459 et
548 419 649 459 fine.

349 503 390 545 3.
428 505 585 545 Custos
603 511 718 544 terre
740 503 915 544 heredis
936 503 1078 559 capiet
1099 503 1381 544 rationabiles
1403 504 1559 554 exitus,
1579 519 1763 545 consue-

292 571 482 620 tudines,
513 579 555 611 et
583 570 771 619 servitia,
805 569 898 610 sine
930 569 1226 610 destructione
1255 579 1298 610 et
1323 578 1442 611 vasto
1470 570 1693 611 hominum
1722 579 1765 611 et

292 654 434 679 rerum
466 653 662 686 suarum,
698 644 740 677 ct
773 637 808 677 si
841 645 987 677 custos
1022 645 1136 677 terre
1168 637 1318 677 fecerit
1353 637 1692 678 destructionem
1722 645 1765 678 et

292 713 482 755 vastum,
521 704 689 745 amittat
725 704 991 753 custodiam3
1033 711 1075 744 et
1111 712 1256 744 custos
1294 705 1557 745 sustentabit
1589 704 1761 755 domos,

290 788 460 829 parcos,
487 771 664 821 vivaria,
689 779 857 828 stagna,
888 771 1135 811 molendina
1158 779 1199 812 et
1225 779 1366 811 cetera
1390 771 1441 811 ad
1467 779 1624 812 terram
1647 771 1764 812 illam

290 839 576 895 pertinentia,
616 838 669 878 de
707 837 895 878 exitibus
929 845 1044 878 terre
1079 837 1300 894 ejusdem3
1337 846 1378 878 et
1408 846 1454 878 ut
1489 838 1674 879 heredes
1707 838 1765 879 ita

292 905 549 946 maritentur
582 921 635 945 ne
668 905 1004 962 disparagentur
1043 914 1084 946 et
1122 921 1200 962 per
1234 904 1462 945 consilium
1495 906 1764 962 propinquo-

292 988 384 1013 rum
411 972 463 1013 de
492 971 874 1028 consanguinitate
905 988 993 1012 sua.

347 1065 388 1106 4.
426 1067 487 1106 Ne
512 1065 639 1106 vidua
665 1065 738 1105 det
763 1064 928 1120 aliquid
951 1081 1029 1121 pro
1051 1065 1152 1105 dote
1179 1080 1276 1115 sua,
1304 1065 1369 1105 vel
1398 1066 1644 1122 maritagio,
1667 1073 1766 1122 post

289 1133 517 1173 decessum
548 1132 687 1172 mariti
718 1132 805 1181 sui,
838 1131 913 1172 sed
940 1141 1110 1172 maneat
1135 1132 1176 1172 in
1210 1132 1337 1173 domo
1364 1148 1436 1172 sua
1463 1148 1540 1188 per
1568 1132 1640 1172 .xl.
1672 1132 1765 1172 (lies

290 1207 389 1256 post
423 1207 603 1240 mortem
632 1199 787 1254 ipsius,
822 1208 863 1239 et
896 1199 1007 1239 infra
1038 1199 1269 1239 terminum
1305 1198 1424 1238 illum
1453 1200 1699 1254 assignetur
1726 1198 1763 1239 ei

289 1266 397 1317 dos;
428 1275 470 1306 et
496 1266 768 1322 maritagium
800 1265 941 1306 statim
969 1266 1127 1306 habeat
1153 1274 1194 1306 et
1223 1265 1507 1306 hereditatem
1537 1282 1670 1307 suam.

348 1360 388 1400 5.
427 1361 517 1401 Rex
537 1360 601 1400 vel
628 1359 810 1400 ballivus
834 1375 920 1400 non
945 1359 1093 1400 saisiet
1117 1368 1276 1400 terram
1299 1358 1487 1415 aliquam
1514 1375 1591 1416 pro
1617 1358 1765 1401 debito

291 1426 391 1467 dum
413 1426 564 1467 catalla
591 1426 804 1467 debitoris
828 1426 1072 1476 sufficiunt3
1099 1442 1176 1467 nee
1198 1426 1331 1483 plegii
1359 1425 1570 1467 debitoris
1591 1425 1765 1466 distrin-

290 1503 462 1552 gantur,
491 1493 591 1534 dum
618 1494 815 1550 capitalis
842 1493 1017 1534 debitor
1042 1493 1199 1534 suflicit
1222 1493 1273 1534 ad
1297 1493 1581 1541 solutionem;
1608 1493 1765 1533 sivero

290 1560 486 1617 capitalis
515 1560 687 1601 debitor
715 1561 924 1601 defecerit
949 1560 991 1600 in
1025 1560 1243 1601 solutione
1262 1593 1270 1608 ,
1303 1560 1336 1601 si
1366 1559 1498 1617 plegii
1526 1560 1762 1609 voluerint,

290 1628 480 1668 habeant
511 1635 648 1668 terras
682 1627 916 1677 debitoris,
954 1627 1091 1667 donec
1123 1627 1319 1667 debitum
1356 1627 1460 1667 illud
1495 1626 1766 1683 persolvatur

290 1695 440 1751 plene,
468 1694 550 1735 nisi
582 1694 779 1751 capitalis
807 1694 980 1735 debitor
1009 1703 1249 1734 monstrare
1277 1695 1437 1750 poterit
1466 1710 1510 1734 se
1543 1710 1638 1734 esse
1665 1694 1765 1734 inde

291 1763 483 1818 quietum
514 1778 615 1819 erga
645 1761 829 1819 plegios

348 1855 390 1896 6.
426 1856 517 1896 Rex
548 1871 635 1895 non
665 1855 879 1895 concedet
906 1853 1032 1895 alicui
1062 1855 1213 1895 baroni
1244 1855 1358 1910 quod
1389 1854 1529 1910 capiat
1558 1853 1763 1895 auxilium

291 1922 343 1962 de
360 1921 510 1962 liberis
536 1921 787 1962 hominibus
811 1922 915 1968 suis,
939 1922 1021 1961 nisi
1045 1921 1096 1961 ad
1117 1937 1275 1977 corpus
1299 1937 1421 1961 suum
1445 1921 1763 1970 redimendum,

291 1997 333 2028 et
363 1988 416 2029 ad
443 1988 687 2028 faciendum
721 1987 1061 2044 primogenitum
1092 1987 1227 2027 filium
1257 2004 1378 2028 suum
1406 1987 1608 2036 militem,
1644 1995 1686 2027 et
1713 1987 1766 2027 ad

290 2056 625 2112 primogenitam
656 2054 786 2095 filiam
814 2070 933 2095 suam
960 2054 1091 2094 semel
1118 2054 1429 2103 maritandam,
1461 2062 1503 2094 et
1530 2055 1611 2095 hoe
1643 2053 1767 2095 faciet

291 2138 369 2179 per
392 2122 652 2162 rationabile
677 2122 901 2163 auxilium.

351 2214 390 2255 7.
429 2215 490 2255 Ne
508 2213 665 2271 aliquis
688 2217 823 2270 majus
847 2214 1069 2255 servitium
1094 2214 1218 2254 faciat
1241 2214 1293 2254 de
1318 2213 1443 2254 feodo
1467 2213 1616 2254 militis
1637 2229 1764 2270 quam

293 2280 393 2321 inde
423 2281 624 2321 debetur.

351 2373 392 2414 8.
430 2375 485 2415 Ut
521 2375 765 2414 communia
802 2373 958 2430 placita
997 2390 1081 2414 nou
1121 2382 1359 2430 sequantur
1397 2374 1559 2414 curiam
1602 2372 1764 2413 domini

294 2441 425 2497 regis,
445 2441 519 2481 sed
537 2441 814 2497 assignentur
830 2440 872 2480 in
889 2440 1033 2496 aliquo
1051 2448 1170 2481 certo
1186 2441 1305 2489 loco;
1326 2449 1367 2480 et
1381 2449 1425 2481 ut
1442 2439 1764 2495 recognitiones

294 2508 520 2563 capiantur
547 2507 589 2547 in
618 2506 782 2547 eisdem
812 2506 1111 2555 comitatibus,
1145 2507 1187 2546 in
1217 2508 1331 2547 hune
1365 2507 1537 2547 modum
1568 2523 1575 2546 :
1616 2514 1659 2546 ut
1692 2521 1766 2546 rex

296 2574 435 2614 mittat
452 2574 820 2629 duosjusticiaros
838 2590 915 2630 per
934 2578 1069 2614 .1111⁰f.
1084 2573 1198 2614 vices
1214 2573 1256 2613 in
1276 2589 1404 2623 anno,
1421 2574 1605 2629 quicum
1626 2576 1761 2613 ‚11110r.

298 2640 507 2681 militibus
536 2641 729 2695 cjusdem
759 2640 988 2680 comitatus
1014 2640 1164 2680 electis
1192 2656 1270 2697 per
1297 2639 1564 2689 comitatum,
1592 2639 1765 2696 capiant

296 2709 451 2748 assisas
489 2707 541 2748 de
578 2723 683 2748 nova
717 2706 970 2756 dissaisina,
1011 2716 1148 2748 morte
1185 2706 1496 2757 antecessoris,
1534 2715 1574 2747 et
1612 2706 1761 2747 ultima
