1796 3153
241 204 278 232 fi'i
581 203 775 232 CHARTES
800 203 879 233 Diis
904 194 1114 234 LlssERTES
1138 204 1377 234 ANGLAlsES

243 276 464 335 gationem
502 278 564 319 sui
603 280 690 334 juis
723 279 888 335 pariter
926 289 967 321 ct
1005 281 1201 321 honoris.
1241 281 1350 334 Quia
1388 297 1488 322 vero
1524 282 1648 322 nobis
1691 297 1713 323 a

243 346 428 387 Domino
450 345 614 387 dictum
641 354 707 387 est
734 346 777 387 in
800 348 1033 404 prophetal
1063 364 1069 388 :
1095 347 1301 388 constitui
1330 356 1371 389 te
1398 365 1527 405 super
1556 357 1711 406 gentes

244 421 286 454 ct
325 429 457 469 regna
497 422 542 454 ut
584 414 741 454 evellas
785 422 828 455 et
860 415 1059 456 destruas
1098 424 1139 456 ct
1182 415 1391 457 hedifiees
1433 425 1474 457 et
1513 416 1711 472 plantes;

245 479 434 537 itemque
460 497 538 537 per
561 481 690 522 alium
720 499 727 522 :
755 482 942 523 dissolve
969 482 1292 540 colligationem
1318 482 1570 539 impietatis,
1599 483 1715 525 solve

247 547 475 588 fasciculos
499 548 812 605 deprimentes,
838 565 916 590 nos
939 558 1057 591 tante
1078 550 1360 607 malignitatis
1385 550 1607 591 audaciam
1627 551 1716 592 dis-

247 613 449 655 simulare
480 615 696 667 nolentes,
729 615 770 656 in
807 617 1044 673 apostolice
1073 617 1188 658 sedis
1217 625 1530 674 contemptum,
1561 617 1716 674 regalis

241 680 352 738 juris
399 682 695 739 dispendium,
743 684 971 741 anglicane
1009 685 1152 742 gentis
1194 685 1478 741 opprobrium
1513 693 1555 725 et
1589 700 1717 742 grave

246 749 487 806 periculum
521 751 660 791 tocius
696 752 862 809 negotii
898 752 1092 793 crucifixi
1129 752 1245 808 quod
1277 751 1425 808 utique
1454 751 1715 802 immineret,

248 815 331 858 nisi
366 832 444 873 per
476 817 777 859 auctoritatem
808 827 999 860 nostram
1035 828 1341 861 revocarentur
1372 820 1549 860 omnino
1583 835 1665 876 que
1698 835 1719 860 a

246 892 367 925 tanto
392 883 592 941 principe
621 885 924 944 crucesignato
952 886 1097 928 taliter
1125 894 1227 928 sunt
1251 894 1435 936 extorta,
1468 887 1595 927 etiam
1624 886 1719 944 ipso

248 951 417 992 volente
443 952 514 992 illa
541 953 716 1004 servari,
744 969 796 994 cx
823 962 945 1010 parte
969 955 1048 995 Dei
1076 953 1389 1011 omnipotentis
1418 954 1552 1011 patris
1578 962 1620 995 et
1644 952 1718 994 filii

249 1027 291 1059 et
333 1018 523 1075 Spiritus
562 1021 716 1072 sancti,
756 1023 1012 1063 auctoritate
1051 1038 1223 1079 quoque
1264 1022 1489 1063 beatorum
1524 1022 1641 1063 Petri
1680 1029 1721 1062 et

251 1086 373 1127 Pauli
401 1087 695 1143 apostolorum
719 1090 812 1145 ejus
837 1105 884 1130 ac
907 1098 1070 1140 nostra,
1096 1089 1148 1130 de
1175 1090 1394 1130 communi
1416 1089 1596 1130 fratrum
1620 1105 1721 1130 nos-

249 1162 415 1195 trorum
468 1155 674 1205 consilio,
720 1157 1082 1214 compositionem
1132 1157 1379 1213 hujusmodi
1438 1157 1721 1214 reprobamus

250 1221 424 1277 penitus
466 1230 508 1262 et
550 1222 861 1280 dampnamus,
906 1225 986 1265 sub
1032 1223 1387 1265 interminatione
1436 1224 1721 1265 anathematis

250 1288 536 1345 prohibentes
575 1306 627 1331 ne
667 1290 809 1332 dictus
847 1292 941 1333 Rex
979 1307 1072 1332 eam
1111 1293 1342 1333 observare
1377 1299 1613 1347 presumat,
1652 1299 1723 1332 aut

251 1356 436 1397 barones
465 1372 561 1398 cum
592 1357 881 1415 complicibus
906 1359 993 1400 suis
1017 1359 1153 1416 ipsam
1179 1360 1354 1417 exigant
1374 1359 1609 1409 observari,
1636 1367 1721 1399 tam

252 1431 412 1463 cartam
435 1440 563 1480 quam
584 1425 874 1483 obligationes
892 1443 965 1467 seu
990 1426 1211 1468 cautiones
1231 1442 1504 1483 quecumque
1528 1442 1607 1483 pro
1629 1425 1720 1482 ipsa

251 1490 318 1531 vel
358 1491 411 1531 dc
453 1491 545 1548 ipsa
580 1501 681 1533 sunt
715 1493 840 1544 sacte,
878 1493 1099 1535 irritantes
1136 1493 1310 1551 penitus
1347 1502 1389 1534 et
1420 1503 1640 1535 cassantes
1679 1502 1724 1534 ut

254 1558 374 1598 nullo
410 1575 599 1616 unquam
635 1569 834 1618 tempore
869 1562 1055 1619 aliquam
1087 1563 1277 1603 habeant
1307 1561 1568 1602 firmitatem.
1607 1560 1724 1602 Nulli

253 1641 356 1683 crgo
386 1626 610 1668 hominum
639 1628 767 1669 liceat
791 1630 904 1670 hauc
933 1630 1135 1687 paginam
1168 1628 1425 1671 cassationis
1457 1637 1499 1669 et
1526 1628 1724 1684 prohibi-

256 1692 388 1734 tionis
422 1693 681 1752 inl‘ringere,
717 1696 781 1737 vel
814 1698 850 1737 ci
881 1713 985 1738 ausu
1011 1697 1242 1738 temerario
1271 1697 1501 1737 contraire.
1543 1695 1588 1737 Si
1629 1695 1725 1752 quis

255 1772 396 1805 autem
431 1766 513 1806 hoc
549 1773 807 1823 attemptare
835 1768 1169 1824 presumpserit,
1203 1766 1550 1824 indignationem
1584 1765 1726 1807 omni-

256 1832 447 1888 potentis
476 1834 556 1874 Dei
578 1842 620 1874 et
647 1834 869 1875 beatorum
897 1835 1013 1876 Petri
1037 1843 1079 1875 et
1100 1835 1221 1876 Pauli
1243 1834 1539 1891 apostolorum
1563 1835 1655 1890 ejus
1682 1849 1725 1874 sc

258 1901 425 1940 noverit
468 1901 760 1942 incursurum.
802 1903 960 1943 Datum
997 1902 1194 1959 Anagnie
1234 1904 1324 1958 vnij
1363 1902 1447 1942 kal.
1486 1902 1723 1958 septembr.

258 1968 538 2023 pontificatus
561 1970 699 2010 nostri
725 1984 838 2010 anno
860 1969 1198 2011 octavodecimo.

300 2115 327 2144 1.
355 2115 397 2145 Ce
419 2116 586 2155 prophete
607 2120 656 2145 est
677 2117 834 2152 Je‘remie,
856 2118 879 2153 Ι,
899 2118 989 2152 9-10,
1013 2117 1095 2148 dont
1114 2118 1144 2147 le
1168 2127 1317 2157 passage
1342 2121 1416 2146 tout
1439 2116 1546 2146 entier
1568 2120 1618 2146 est
1639 2115 1727 2146 ainsi

258 2166 364 2193 conen
391 2166 396 2184 z
423 2157 463 2185 Et
486 2156 571 2186 dixit
595 2158 759 2187 Dominus
785 2159 827 2188 ad
852 2169 903 2187 me
931 2169 935 2188 :
963 2169 977 2187 (t
1004 2169 1079 2188 ecee
1103 2159 1180 2188 dedi
1202 2158 1306 2188 verba
1329 2168 1402 2188 mea
1423 2158 1455 2187 in
1481 2168 1537 2187 ore
1561 2161 1630 2192 tuo,
1653 2167 1728 2187 eece

257 2197 418 2226 constitui
441 2201 470 2226 te
487 2208 590 2237 super
604 2202 722 2238 gentes
738 2203 769 2228 et
785 2210 888 2239 super
903 2210 1009 2239 regna
1027 2204 1063 2229 ut
1080 2200 1224 2235 evellas,
1241 2203 1278 2229 ut
1298 2199 1468 2234 destruas,
1488 2203 1520 2228 et
1533 2198 1725 2238 disperdas,

259 2242 291 2267 et
311 2238 478 2276 dissipes,
498 2243 530 2268 et
547 2239 710 2275 aedifices,
732 2244 763 2270 et
780 2241 927 2280 plantes.
955 2251 969 2269 »
994 2259 1034 2263 —
1060 2241 1193 2270 L'autre
1217 2240 1384 2280 prophete
1407 2244 1459 2269 est
1481 2240 1585 2274 Isa'i'e,
1611 2241 1659 2273 58,
1679 2241 1697 2267 6
1720 2249 1725 2268 :

260 2290 274 2306 «
298 2278 453 2308 Dissolve
471 2279 709 2319 colligationes
728 2281 927 2320 impietatis,
946 2282 1039 2311 solve
1059 2281 1240 2311 fasciculos
1259 2281 1501 2321 deprimentes,
1520 2280 1653 2310 dimitte
1671 2290 1727 2310 cos

257 2319 314 2359 qui
333 2320 497 2349 confracti
516 2325 595 2351 sunt
612 2321 750 2358 liberos,
768 2326 799 2352 et
818 2332 916 2353 omne
934 2333 1018 2353 onus
1036 2322 1204 2364 dirumpe.
1226 2333 1240 2352 »

1788 0 1796 212 ...-1-.„-..„.„i.a
