1796 3153
447 229 497 258 VI.
525 246 562 251 -
587 228 728 259 BULLE
753 227 809 257 DU
836 227 943 257 PAPE
970 225 1189 256 lNNOCEN'l'
1216 226 1258 255 ΙΙΙ
1552 223 1591 253 [43

110 321 237 362 quam
275 304 412 346 nuntii
447 320 542 346 cum
572 306 654 345 hoc
682 303 864 360 provido
891 311 933 343 et
959 303 1078 358 justo
1108 301 1312 342 mandato
1336 299 1589 349 rediissent,

111 372 191 423 illi,
212 374 462 429 juramento
493 371 716 413 fidelitatis
744 371 923 411 omnino
947 377 1217 425 contempto,
1250 384 1364 417 cum,
1391 376 1433 408 et
1459 368 1493 408 si
1521 383 1592 407 rex

111 456 186 481 eos
222 439 383 496 injuste
414 447 653 498 gravasset,
688 438 771 495 ipsi
796 447 939 478 tamen
970 453 1054 477 non
1079 436 1337 477 debuissent
1368 434 1428 476 sic
1463 450 1592 491 agere

111 516 262 549 contra
294 523 392 548 eum
428 516 473 548 ut
504 508 546 548 in
585 523 711 547 causa
750 522 823 546 sua
861 505 991 545 iidem
1020 505 1192 561 judices
1226 512 1267 544 ct
1301 511 1593 560 exequutores

112 574 368 625 existerent,
394 573 550 616 vassali
575 582 723 616 contra
751 573 977 614 dominum
1003 581 1043 613 ct
1070 572 1230 612 milites
1255 579 1405 612 contra
1432 572 1593 628 Regem

112 642 288 699 publice
325 644 623 699 conjurantes,
666 657 753 682 non
793 641 931 682 solum
972 656 1069 681 cum
1107 639 1202 680 aliis
1246 639 1321 680 sed
1363 654 1459 679 cum
1503 639 1595 693 ejus

114 710 482 751 manifestissimis
516 709 723 759 inimicis,
766 716 1127 766 presumpserunt
1163 715 1313 748 contra
1351 722 1447 747 cum
1481 721 1595 747 arma

117 794 302 828 movere,
344 786 608 835 occupantes
643 786 684 818 et
717 777 993 818 devastantes
1028 784 1167 816 terras
1205 774 1343 831 ipsius
1382 773 1440 815 ita
1481 772 1596 830 quod

115 845 332 886 civitatem
359 861 534 902 quoque
562 844 938 893 Londoniensem,
970 859 1052 900 quc
1081 842 1206 884 sedes
1232 850 1297 883 est
1326 842 1471 898 regni,
1494 855 1597 897 pro-

116 911 273 954 ditorie
314 912 396 954 sibi
438 913 641 954 traditam
689 913 955 953 invaserunt.
997 909 1175 952 Interim
1218 917 1379 957 autem,
1418 907 1597 965 prefatis

117 980 281 1021 nuntiis
325 980 662 1030 revertentibus,
710 981 802 1021 Rex
842 979 1001 1020 obtulit
1033 978 1095 1018 cis
1136 976 1375 1018 secundum
1417 976 1597 1016 formam

118 1048 307 1090 mandati
349 1047 486 1089 nostri
520 1047 688 1104 justitie
726 1046 1046 1104 plenitudinem
1082 1045 1307 1095 exhibere,
1346 1059 1474 1100 qnam
1515 1042 1598 1099 ipsi

116 1115 295 1157 omnino
335 1124 594 1173 spernentes
632 1123 844 1172 ceperunt
881 1130 1033 1155 manus
1073 1113 1307 1154 extendere
1345 1111 1398 1152 ad
1432 1112 1596 1168 pejora.

117 1183 242 1225 Unde
267 1185 360 1225 Rex
383 1183 477 1240 ipse
503 1184 555 1224 ad
584 1182 851 1224 audientiam
880 1190 1072 1223 nostram
1103 1180 1330 1238 appellans
1354 1178 1513 1220 obtulit
1538 1179 1600 1219 cis

117 1250 325 1292 exhibere
353 1251 569 1307 justitiam
602 1267 746 1292 coram
777 1249 921 1300 nobis,
953 1250 1007 1290 ad
1038 1265 1147 1306 quos
1171 1249 1300 1305 hujus
1329 1263 1457 1288 cause
1481 1245 1599 1302 judi-

118 1319 225 1359 tium
266 1318 433 1360 ratione
473 1318 656 1360 dominii
696 1318 969 1375 pertinebat,
1007 1317 1123 1374 quod
1164 1317 1248 1373 ipsi
1288 1323 1389 1356 sunt
1424 1314 1600 1371 penitus

120 1386 357 1444 aspernati.
388 1386 558 1428 Deinde
586 1386 746 1444 optulit
773 1386 859 1426 illis
882 1394 928 1426 ut
952 1394 1037 1426 tam
1068 1385 1120 1425 ab
1145 1385 1241 1441 ipso
1273 1399 1403 1440 quam
1433 1383 1485 1422 ab
1516 1381 1600 1422 illis

119 1454 388 1512 eligerentur
412 1464 598 1512 quatuor
621 1455 701 1496 viri
722 1454 963 1511 prudentes
990 1453 1064 1510 qui
1088 1468 1170 1493 una
1194 1451 1422 1493 nobiscum
1452 1450 1601 1490 subor-

120 1532 205 1564 tam
231 1522 346 1564 inter
367 1539 440 1564 eos
463 1523 730 1564 discordiam
753 1521 1056 1572 terminarent,
1077 1521 1338 1578 promittens
1362 1518 1480 1576 quod
1504 1526 1603 1559 ante

122 1590 266 1632 omnia
302 1599 526 1632 revocaret
562 1592 787 1632 universos
827 1591 987 1631 abusus
1032 1588 1296 1646 quicumque
1333 1588 1518 1628 fuissent
1560 1586 1603 1627 in

122 1661 324 1719 Angliam
360 1678 436 1702 suo
469 1669 668 1718 tempore
700 1659 961 1711 introducti3
997 1659 1074 1701 sed
1108 1675 1187 1700 nec
1222 1659 1304 1699 hoc
1340 1657 1404 1699 illi
1435 1657 1603 1716 dignati

124 1738 224 1771 sunt
246 1737 488 1786 acceptare.
513 1729 706 1770 Tandem
726 1730 818 1770 Rex
839 1727 924 1769 illis
944 1727 1179 1785 proposuit
1200 1726 1334 1783 quod,
1361 1741 1456 1767 cum
1481 1724 1605 1782 regni

123 1796 362 1839 dominium
382 1797 435 1838 ad
451 1813 670 1838 romanam
691 1796 921 1838 ecclesiam
944 1796 1201 1852 pertineret,
1222 1795 1314 1851 ipse
1337 1810 1417 1835 nec
1434 1800 1604 1850 poterat

125 1882 205 1906 nec
235 1865 425 1906 debebat
458 1865 624 1922 absque
660 1873 809 1905 nostro
841 1862 1012 1920 spetiali
1048 1862 1250 1904 mandato
1286 1861 1521 1918 quicquam
1554 1860 1607 1900 de

126 1930 199 1971 illo
226 1931 269 1971 in
299 1938 496 1971 nostrum
518 1928 803 1987 prejuditium
830 1928 1074 1977 immutare,
1106 1927 1222 1968 unde
1250 1942 1400 1967 rursus
1423 1925 1475 1966 ad
1506 1940 1607 1965 nos-

127 2006 235 2039 tram
259 1997 525 2039 audientiam
550 1997 799 2054 appellavit,
830 2012 874 2037 se
894 1997 1036 2053 ipsum
1067 2011 1114 2036 ac
1144 1996 1342 2052 Regnum
1368 2010 1465 2035 cum
1489 1992 1609 2034 omni

128 2066 293 2107 honore
325 2081 372 2106 ac
399 2067 497 2122 jure
524 2081 601 2106 suo
633 2063 875 2121 apostolice
900 2062 1166 2121 protectioni
1196 2077 1478 2119 supponens:
1514 2060 1606 2108 scd,

129 2150 225 2175 cum
257 2133 378 2174 nullo
408 2133 537 2175 modo
570 2132 818 2190 proficeret,
846 2131 1084 2189 postulavit
1118 2131 1170 2171 ab
1195 2129 1530 2186 archiepiscopo
1567 2135 1607 2168 et

130 2201 349 2259 episcopis
366 2209 411 2242 ut
431 2201 517 2258 ipsi
539 2210 735 2242 nostrum
759 2207 1083 2257 exequerentur
1105 2198 1455 2252 mandatum,jus
1475 2196 1612 2238 eccle-

131 2270 192 2310 sie
215 2285 391 2310 romane
411 2269 715 2319 defenderent,
733 2284 780 2309 ac
800 2275 1029 2309 tuerentur
1044 2266 1246 2316 eundem,
1268 2264 1508 2306 secundum
1528 2264 1611 2305 sor-

134 2336 245 2377 mam
277 2335 496 2395 privilegii
526 2336 842 2394 crucesignatis
864 2334 1038 2376 indulti.
1067 2335 1218 2384 Porro,
1245 2348 1339 2374 cum
1368 2332 1452 2389 ipsi
1478 2330 1613 2372 nichil

131 2405 287 2445 horum
323 2404 463 2445 facere
497 2404 763 2453 voluissent,
797 2402 951 2444 videns
989 2418 1033 2442 se
1066 2401 1182 2442 omni
1203 2410 1324 2457 'sxene
1357 2399 1538 2440 consilio
1573 2408 1613 2440 et

133 2471 291 2513 auxilio
323 2471 604 2521 destitutum,
644 2470 856 2527 quicquid
889 2470 953 2511 illi
983 2469 1076 2510 ausi
1112 2477 1214 2509 sunt
1245 2476 1396 2525 petere
1428 2483 1514 2508 non
1551 2474 1615 2507 est

133 2555 262 2580 ausus
290 2540 384 2596 ipse
413 2555 590 2597 negare.
621 2538 747 2581 Unde
775 2537 1015 2594 conpulsus
1043 2545 1107 2578 est
1139 2552 1218 2593 per
1244 2536 1328 2576 vim
1357 2543 1399 2576 et
1429 2542 1611 2583 metum,

135 2606 207 2664 qui
230 2607 386 2648 cadere
411 2615 582 2664 poterat
604 2607 647 2647 in
670 2605 810 2647 virum
839 2606 966 2646 etiam
990 2603 1410 2654 constantissimum,
1437 2617 1616 2657 compo-

137 2672 338 2714 sitionem
363 2673 504 2714 inhire
528 2689 623 2714 cum
647 2673 754 2730 ipsis
777 2688 863 2713 non
887 2671 1025 2713 solum
1047 2671 1174 2711 vilem
1199 2679 1240 2711 ct
1260 2679 1449 2726 turpem,
1468 2684 1614 2708 vcrum

138 2741 267 2781 etiam
286 2739 481 2782 illicitam
507 2749 549 2782 et
571 2741 782 2799 iniquam,
802 2739 845 2780 in
871 2738 1048 2783 nimiam
1071 2738 1408 2780 diminutionem
1432 2745 1470 2776 et
1495 2736 1615 2777 dero-
