1796 3153
332 167 385 197 lx.
410 185 449 190 -
473 165 696 197 SENTENCE
721 163 1183 195 D'EXCOMMUNICATION
1208 162 1314 203 (1253)
1523 163 1560 192 753

86 262 214 303 quam
238 253 396 286 statuta
424 243 645 286 ediderint
663 243 730 284 vel
760 240 876 284 edita
903 241 1193 291 servaverint,
1218 239 1560 282 consuetudines

86 313 411 354 introduxerint
437 312 502 353 vel
531 310 797 352 servaverint
831 309 1126 359 introductas,
1155 308 1393 365 scriptores
1425 316 1560 348 statu-

86 389 228 422 torum
262 396 433 422 necnon
467 378 738 421 consiliarios
773 385 816 419 et
846 385 1103 418 executores
1132 376 1206 433 qui
1241 375 1479 416 secundum
1515 391 1561 415 ca

86 449 436 506 presumpserint
481 447 692 504 judicare.
742 445 826 499 Qui
879 460 1031 486 omncs
1073 452 1116 485 et
1158 443 1318 501 singuli
1363 442 1562 500 superius

87 516 312 558 memorati
332 517 443 556 hanc
467 513 733 556 sentenciam
755 513 1008 554 incursuros
1029 528 1074 553 sc
1094 512 1294 553 noverint
1314 511 1411 568 ipso
1432 512 1556 562 sacto,

87 584 160 642 qui
195 583 384 624 scienter
424 582 590 639 aliquid
632 580 931 622 commiserint
969 580 1022 620 de
1062 578 1291 636 predictis.
1340 578 1423 632 Qui
1460 594 1561 619 vero

101 659 362 710 gnoranter,
395 650 478 691 nisi
505 648 714 691 comoniti
740 649 849 689 infra
877 648 1143 705 quindenam
1167 663 1188 688 a
1217 655 1413 703 tempore
1443 662 1561 687 com-

87 719 348 760 monicionis
389 734 433 759 se
469 717 740 759 correxerint
773 726 815 757 et
855 715 1037 757 arbitrio
1072 714 1394 755 ordinariorum
1432 714 1562 770 plene

87 786 378 828 satisfecerint
406 786 459 827 de
487 784 748 835 commissis,
777 793 934 825 extunc
964 783 1052 824 sint
1082 783 1162 823 hac
1188 783 1412 823 sentencia
1442 781 1564 822 invo—

86 652 98 693 i

87 855 182 897 luti.
221 855 381 895 Eadem
421 853 556 894 eciam
595 852 819 894 sentencia
856 852 1115 893 innodamus
1156 866 1306 891 omnes
1347 850 1444 891 illos
1491 849 1564 906 qui

87 938 237 980 pacem
273 921 404 979 Regis
437 930 478 961 et.
509 919 635 978 regni
665 919 1018 977 presumpserint
1052 918 1326 974 perturbare.
1362 918 1408 958 In
1443 917 1565 972 cujus

88 991 149 1032 rei
187 990 436 1030 memoriam
472 988 783 1045 sempiternam
821 1004 899 1027 nos
941 987 1065 1043 signa
1104 994 1252 1026 nostra
1287 984 1566 1042 presentibus

89 1058 294 1100 duximus
317 1056 594 1114 apponenda.

145 1196 355 1239 Noverint
394 1195 583 1237 universi
620 1194 736 1251 quod
779 1195 982 1235 dominus
1024 1194 1238 1234 Henricus
1281 1194 1373 1234 Rex
1409 1190 1567 1249 Anglic

89 1265 294 1314 illustris,
326 1265 523 1321 Rogerus
558 1279 702 1304 eomes
737 1261 976 1304 Norffolcie
1006 1269 1048 1302 et
1073 1260 1354 1301 marescallus
1382 1259 1564 1318 Anglie,

90 1335 330 1377 Η111111·111115
356 1350 501 1375 0011105
527 1336 613 1374 1101
618 1333 783 1374 01011110
809 1341 852 1374 et
880 1331 1072 1381 Essexie,
1101 1332 1193 1373 Joh·
1186 1347 1320 1372 mnes
1346 1346 1491 1371 0011105
1514 1329 1568 1371 dc

89 1406 145 1448 XV
150 1403 344 1445 alrexxic.
358 1436 366 1453 ‚
387 1404 541 1443 Petrus
565 1402 617 1443 de
645 1401 1123 1456 Sabaudia,cete1ique
1148 1408 1369 1457 nmo-nates
1391 1398 1565 1456 Anglie,

90 1479 409 1513 eonsense1unt
435 1471 478 1510 in
509 1469 776 1510 sentenciam
806 1467 1278 1510 excommunicacionis
1304 1466 1569 1525 geneialiter

91 1540 221 1581 latam
246 1538 361 1596 apud
390 1540 446 1582 ΧΥ
449 1538 831 1578 estmonasteiium
860 1537 995 1577 tertio
1017 1535 1187 1577 decimo
1209 1536 1279 1576 die
1309 1535 1428 1586 maii,
1457 1550 1569 1575 311110

92 1608 217 1666 regni
240 1606 374 1663 Regis
393 1605 580 1662 predicti
603 1606 764 1661 xxxvij⁰
786 1605 826 1645 in
850 1605 931 1645 hac
955 1604 1088 1644 forma
1105 1638 1113 1653 ,
1140 1603 1308 1644 scilicet
1336 1569 1453 1660 quo'd
1476 1602 1570 1643 vin-

92 1676 190 1717 culo
239 1676 405 1732 prefate
449 1673 672 1714 sentencie
718 1673 910 1730 ligentur
952 1688 1102 1713 omnes
1150 1670 1376 1712 venientes
1420 1679 1569 1711 contra

91 1743 318 1784 libertates
347 1749 575 1783 contentas
598 1741 640 1781 in
669 1740 798 1781 cartis
824 1740 1117 1781 communium
1142 1740 1392 1780 libertatum
1414 1737 1571 1796 Anglie

93 1820 135 1852 et
165 1811 218 1851 (10
257 1811 433 1858 foresta,
477 1818 518 1850 et
555 1825 705 1849 omnes
747 1808 819 1865 qui
854 1807 1079 1849 libertates
1114 1806 1310 1848 Ecelesie
1345 1806 1572 1865 anglicane

93 1878 363 1935 temporibus
396 1877 562 1918 domini
590 1876 723 1935 Regis
750 1885 789 1917 et
818 1875 1180 1933 predecessorum
1211 1891 1386 1916 suorum
1420 1890 1571 1931 regum

92 1946 250 2004 Anglie
275 1953 477 2002 optentas
505 1953 548 1985 et
574 1943 755 1985 usitatas
784 1943 974 1984 scienter
1001 1951 1043 1984 et
1075 1943 1296 1983 maliciose
1317 1941 1572 1983 violaverint

95 2023 166 2056 aut
214 2014 454 2071 infringere
498 2012 870 2070 presumpserint,
914 2019 956 2051 et
1001 2027 1150 2051 omnes
1191 2010 1253 2051 illi
1303 2011 1377 2067 qui
1421 2026 1570 2066 pacem

94 2082 262 2124 domini
297 2081 430 2138 Regis
469 2089 511 2121 et
542 2080 666 2138 regni
699 2078 1070 2136 perturbaverint,
1106 2088 1147 2119 et
1187 2078 1388 2119 similiter
1421 2093 1572 2118 omncs

95 2150 168 2206 qui
195 2152 291 2206 jura
322 2157 364 2188 et
395 2147 620 2188 libertates
649 2147 782 2204 Regis
809 2155 851 2187 et
878 2146 1002 2204 regni
1034 2147 1301 2194 diminuere,
1333 2145 1572 2201 infringere

96 2234 170 2258 seu
201 2217 412 2258 inmutare
441 2214 811 2273 presumpserint,
840 2224 881 2255 et
906 2215 1024 2272 quod
1046 2231 1197 2255 omnes
1222 2214 1445 2254 venientes
1468 2228 1572 2253 con-

94 2294 159 2326 tra
209 2285 420 2342 premissa
468 2284 535 2324 vel
590 2299 739 2324 eorum
789 2283 932 2339 aliqua
982 2281 1234 2340 ignoranter
1288 2290 1329 2321 et
1378 2279 1574 2335 legitime

98 2353 276 2402 moniti,
311 2352 421 2393 infra
449 2351 716 2408 quindenam
750 2359 850 2408 post
879 2349 1170 2391 monicionem
1198 2350 1455 2406 premissam
1484 2347 1574 2389 dic-

96 2429 183 2461 tam
223 2419 618 2477 transgressionem
660 2435 745 2460 non
792 2418 1140 2465 emendaverint,
1182 2426 1339 2458 extunc
1378 2416 1575 2473 predicte

99 2487 314 2531 sententie
349 2486 818 2528 excommunicacionis
854 2486 1166 2541 subjacebunt,
1196 2485 1256 2526 ita
1282 2494 1426 2525 tamen
1458 2483 1576 2540 qnod

97 2556 301 2598 dominus
334 2557 427 2597 Rex
469 2555 863 2612 transgressionem
900 2554 1017 2594 illam
1057 2570 1135 2610 per
1172 2552 1575 2594 consideracionem

98 2625 216 2666 curie
259 2640 334 2665 sue
376 2624 505 2665 faciat
543 2622 781 2664 emendari.
826 2622 1063 2664 Sciendum
1102 2630 1243 2662 autem
1285 2620 1417 2677 quod,
1455 2619 1489 2660 si
1531 2620 1575 2660 in

99 2693 273 2750 scriptis
315 2709 444 2750 super
484 2692 634 2733 eadem
678 2691 893 2732 sententia
932 2706 950 2730 a
990 2690 1327 2747 quibuscunque
1366 2688 1576 2729 confectis
